=LDR  04924cas a2201141 a 4500
=001  012089916
=003  Uk
=005  20220930142559.0
=006  m\\\\\o\\d\\\\\\\\
=007  cr\|||||||||||
=008  020808c20029999enktr\pso\\\\\0\\\a0eng\c
=015  \\$aGBB400743$2bnb
=022  0\$a1741-2994$202
=035  \\$a(SFX)111021307627004
=035  \\$a(StEdU)2102501
=037  \\$aVCU$bSage (UK) Ltd
=038  \\$aOCoLC
=040  \\$aOCoLC$beng$cOCoLC$dOCoLC$dCaQMM$dMA$dNSyU$dMCM$dOCoLC$dUk
=042  \\$aissnuk$aukblsr
=082  04$a700.5$223
=130  0\$aJournal of visual culture (Online)
=222  \0$aJournal of visual culture$b(Online)
=245  10$aJournal of visual culture$h[electronic resource].
=260  \\$aLondon :$bSage Publications,$c2002-
=310  \\$aThree times a year
=336  \\$atext$2rdacontent
=337  \\$acomputer$2rdamedia
=338  \\$aonline resource$2rdacarrier
=362  0\$aVol. 1, no. 1 (2002)-
=540  \\$aCurrent copyright fee: GBP32.82$c19\0$5Uk
=588  \\$aDescription based on: Vol. 1, no. 1 (April 2002); title from journal information screen (Sage Pub., viewed Aug. 10, 2011).
=588  \\$aLatest issue consulted: volume 12, number 3 (December 2013) (SAGE journals, viewed January 3, 2014).
=650  \0$aVisual sociology$vPeriodicals.
=650  \0$aCulture$vPeriodicals.
=650  \0$aArts and society$vPeriodicals.
=650  \0$aMass media and the arts$vPeriodicals.
=650  \0$aGraphic arts$vPeriodicals.
=650  \0$aImage (Philosophy)$vPeriodicals.
=650  \0$aPopular culture$vPeriodicals.
=650  \0$aVisual communication$vPeriodicals.
=776  08$iAlso issued in print as:$tJournal of visual culture$x1470-4129
=852  41$aBritish Library$bHMNTS$jELD Digital store$3Volume 12:Number 1(2013)-***Previous issues available in print copy
=856  \\$31850-9999$uhttp://www.uk.sagepub.com/home.nav$xBLDSS
=856  40$uhttp://vcu.sagepub.com/
=859  \\$aELD$bejournal
=945  \\$aJournal of visual culture.
=979  \\$aBritish Library$bDSC$j5072.494000
=ACF  \\$aPrevious Copyright Fee: GBP18.00$c0$e01-oct-2014$fGBP18.00$g0$hC$5Uk
=ACF  \\$aPrevious Copyright Fee: GBP19.00$c0$e01-apr-2014$fGBP19.00$g0$hC$5Uk
=ACF  \\$aPrevious copyright fee: GBP27.69$c19\0$e12-feb-2018$fGBP27.69$g0$hP$5Uk
=ACF  \\$aPrevious copyright fee: GBP25.71$c19\0$e01-apr-2018$fGBP25.71$g0$hP$5Uk
=ACF  \\$aPrevious copyright fee: GBP27.69$c19\0$e01-oct-2018$fGBP27.69$g0$hP$5Uk
=ACF  \\$aPrevious copyright fee: GBP29.08$c19\0$e01-jul-2019$fGBP29.08$g0$hP$5Uk
=ACF  \\$aPrevious copyright fee: GBP30.24$c19\0$e01-oct-2019$fGBP30.24$g0$hP$5Uk
=ACF  \\$aPrevious copyright fee: GBP30.29$c19\0$e01-apr-2020$fGBP30.29$g0$hP$5Uk
=ACF  \\$aPrevious copyright fee: GBP31.50$c19\0$e01-jul-2020$fGBP31.50$g0$hP$5Uk
=ACF  \\$aPrevious copyright fee: GBP29.17$c19\0$e01-apr-2021$fGBP29.17$g0$hP$5Uk
=ACF  \\$aPrevious copyright fee: GBP28.13$c19\0$e07-jul-2021$fGBP28.13$g0$hP$5Uk
=CAT  \\$aCONV$b00$c20040425$lBLL90$h0850
=CAT  \\$aW1711-1005$c20171205$lBLL01$h2211
=CAT  \\$a5552$b40$c20180212$lBLL01$h1324
=CAT  \\$aBATCH-UPD$b40$c20180214$lBLL01$h0104
=CAT  \\$aBATCH-UPD$b40$c20180223$lBLL01$h1650
=CAT  \\$aBLDSS-3PM$b00$c20180226$lBLL01$h1339
=CAT  \\$aBATCH-UPD$b00$c20180226$lBLL01$h1349
=CAT  \\$aIPL-CLA$c20180331$lBLL01$h1613
=CAT  \\$aBATCH-UPD$b00$c20180823$lBLL01$h1934
=CAT  \\$aIPL-CLA$c20180930$lBLL01$h1459
=CAT  \\$aBATCH-UPD$b00$c20190521$lBLL01$h1406
=CAT  \\$aIPL-CLA$c20190630$lBLL01$h1530
=CAT  \\$aBATCH-UPD$b00$c20190829$lBLL01$h1515
=CAT  \\$aIPL-CLA$c20190930$lBLL01$h1634
=CAT  \\$aBATCH-UPD$b00$c20200219$lBLL01$h1508
=CAT  \\$aIPL-CLA$c20200331$lBLL01$h1611
=CAT  \\$aBATCH-UPD$b00$c20200522$lBLL01$h1446
=CAT  \\$aIPL-CLA$c20200701$lBLL01$h0052
=CAT  \\$aBATCH-UPD$b00$c20210226$lBLL01$h1027
=CAT  \\$aIPL-CLA$c20210331$lBLL01$h1659
=CAT  \\$aBATCH-UPD$b00$c20210707$lBLL01$h1551
=CAT  \\$aIPL-CLA$c20210707$lBLL01$h1842
=CAT  \\$aBATCH-UPD$b00$c20220520$lBLL01$h1638
=CAT  \\$aIPL-CLA$c20220630$lBLL01$h1536
=CAT  \\$aBATCH-UPD$b00$c20220824$lBLL01$h0904
=CAT  \\$aIPL-CLA$c20220930$lBLL01$h1425
=CFI  0\$aCurrent copyright fee: GBP32.82$c19\0$e01-oct-2022$fGBP32.82$g0$hP$5Uk
=CFI  2\$aPrevious copyright fee: GBP31.50$c19\0$e01-jul-2022$fGBP31.50$g0$hP$5Uk
=FFP  \\$aY$bBLDSS-3PM
=FIN  \\$aY
=FMT  \\$a  SE
=LAS  \\$aIPL-CLA$b00$c20220930$lBLL01$h1425
=LEO  \\$aMP22.0000071282
=LKR  \\$aPAR$b009915896$lBLL01$nJournal of visual culture (Print)$mJournal of visual culture (Online)$r776
=MNI  \\$a1470-4129
=SID  \\$aZ39$bRLUK
=SRC  \\$aISN01$bbibmp22.200404.2.aa
=TCO  \\$aCLA$bCLA$c008
=TOC  \\$aETOC
=UNO  \\$aY

