=LDR  05881cas a2201249 a 4500
=001  012089925
=003  Uk
=005  20220930142600.0
=006  m\\\\\o\\d\\\\\\\\
=007  cr\|||||||||||
=008  030522c19739999enkbr\p\o\\\\\0\\\a0eng\\
=015  \\$aGBB404825$2bnb
=022  0\$a1741-3087$202
=035  \\$a(SFX)110978966557720
=035  \\$a(StEdU)2096564
=037  \\$aPOM$bSage (UK) Ltd
=038  \\$aOCoLC
=040  \\$aTxEU$beng$cTxEU$dOCoLC$dCoU-M$dGU$dUkCU$dOCoLC$dViRCU$dCLU$dOCoLC$dUk
=042  \\$aukblsr$aissnuk
=082  04$a781.11$223
=130  0\$aPsychology of music (Online)
=222  \0$aPsychology of music$b(Online)
=245  10$aPsychology of music$h[electronic resource].
=260  \\$a[Manchester] :$b[Society for Research in Psychology of Music and Music Education],$c1973-
=260  3\$3<2010->$aLondon :$bSage
=310  \\$aBimonthly,$b2012-
=321  \\$aQuarterly,$b2003-2011
=321  \\$aSemiannual,$b-2002
=336  \\$atext$2rdacontent
=337  \\$acomputer$2rdamedia
=338  \\$aonline resource$2rdacarrier
=362  1\$aPrint began with vol. 1 (Jan. 1973).
=540  \\$aCurrent copyright fee: GBP32.82$c19\0$5Uk
=550  \\$aCo-published by: Society for Education, Music and Psychology Research, <2003->.
=588  \\$aDescription based on: Vol. 27, no. 1 (Apr. 1999); title from pdf of contents (SAGE Journals Online, viewed June 13, 2008).
=588  \\$aLatest issue consulted: volume 42, number 1 (January 2014) (SAGE journals, viewed January 10, 2014).
=650  \0$aMusic$xPsychological aspects$vPeriodicals.
=710  2\$aSociety for Research in Psychology of Music and Music Education.
=710  2\$aSociety for Education, Music and Psychology Research.
=776  08$iAlso issued in print as:$tPsychology of music$x0305-7356
=852  41$aBritish Library$bHMNTS$jELD Digital store$3Volume 41:Number 1(2013)-***Previous issues available in print copy
=856  \\$31850-9999$uhttp://www.uk.sagepub.com/home.nav$xBLDSS
=856  40$uhttp://pom.sagepub.com/
=859  \\$aELD$bejournal
=945  \\$aPsychology of music.
=979  \\$aBritish Library$bDSC$j6946.536000
=ACF  \\$aPrevious copyright fee: GBP15.15$c19\0$e04-oct-2012$fGBP15.15$g0$hP$5Uk
=ACF  \\$aPrevious copyright fee: GBP15.63$c19\0$e01-jan-2013$fGBP15.63$g0$hP$5Uk
=ACF  \\$aPrevious copyright fee: GBP16.13$c19\0$e01-jul-2013$fGBP16.13$g0$hP$5Uk
=ACF  \\$aPrevious copyright fee: GBP15.63$c19\0$e01-jan-2014$fGBP15.63$g0$hP$5Uk
=ACF  \\$aPrevious copyright fee: GBP15.15$c19\0$e01-jul-2014$fGBP15.15$g0$hP$5Uk
=ACF  \\$aPrevious copyright fee: GBP16.13$c19\0$e01-apr-2015$fGBP16.13$g0$hP$5Uk
=ACF  \\$aPrevious copyright fee: GBP16.67$c19\0$e01-jul-2015$fGBP16.67$g0$hP$5Uk
=ACF  \\$aPrevious copyright fee: GBP16.13$c19\0$e01-oct-2015$fGBP16.13$g0$hP$5Uk
=ACF  \\$aPrevious copyright fee: GBP17.24$c19\0$e01-apr-2016$fGBP17.24$g0$hP$5Uk
=ACF  \\$aPrevious copyright fee: GBP18.52$c19\0$e01-oct-2016$fGBP18.52$g0$hP$5Uk
=ACF  \\$aPrevious copyright fee: GBP19.23$c19\0$e01-oct-2017$fGBP19.23$g0$hP$5Uk
=ACF  \\$aPrevious copyright fee: GBP20.00$c19\0$e01-apr-2017$fGBP20.00$g0$hP$5Uk
=ACF  \\$aPrevious copyright fee: GBP27.69$c19\0$e13-feb-2018$fGBP27.69$g0$hP$5Uk
=ACF  \\$aPrevious copyright fee: GBP25.71$c19\0$e01-apr-2018$fGBP25.71$g0$hP$5Uk
=ACF  \\$aPrevious copyright fee: GBP27.69$c19\0$e01-oct-2018$fGBP27.69$g0$hP$5Uk
=ACF  \\$aPrevious copyright fee: GBP29.08$c19\0$e01-jul-2019$fGBP29.08$g0$hP$5Uk
=ACF  \\$aPrevious copyright fee: GBP30.24$c19\0$e01-oct-2019$fGBP30.24$g0$hP$5Uk
=ACF  \\$aPrevious copyright fee: GBP30.29$c19\0$e01-apr-2020$fGBP30.29$g0$hP$5Uk
=ACF  \\$aPrevious copyright fee: GBP31.50$c19\0$e01-jul-2020$fGBP31.50$g0$hP$5Uk
=ACF  \\$aPrevious copyright fee: GBP29.17$c19\0$e01-apr-2021$fGBP29.17$g0$hP$5Uk
=ACF  \\$aPrevious copyright fee: GBP28.13$c19\0$e07-jul-2021$fGBP28.13$g0$hP$5Uk
=CAT  \\$aCONV$b00$c20040425$lBLL90$h0850
=CAT  \\$aIPL-CLA$c20170331$lBLL01$h1839
=CAT  \\$aBATCH-UPD$b00$c20170904$lBLL01$h1829
=CAT  \\$aIPL-CLA$c20170929$lBLL01$h1723
=CAT  \\$aW1711-1005$c20171206$lBLL01$h1815
=CAT  \\$aBATCH-UPD$b00$c20180223$lBLL01$h1645
=CAT  \\$a5552$b40$c20180313$lBLL01$h1536
=CAT  \\$aIPL-CLA$c20180331$lBLL01$h1613
=CAT  \\$aBATCH-UPD$b00$c20180823$lBLL01$h1934
=CAT  \\$aIPL-CLA$c20180930$lBLL01$h1459
=CAT  \\$aBATCH-UPD$b00$c20190521$lBLL01$h1406
=CAT  \\$aIPL-CLA$c20190630$lBLL01$h1530
=CAT  \\$aBATCH-UPD$b00$c20190829$lBLL01$h1515
=CAT  \\$aIPL-CLA$c20190930$lBLL01$h1634
=CAT  \\$aBATCH-UPD$b00$c20200219$lBLL01$h1508
=CAT  \\$aIPL-CLA$c20200331$lBLL01$h1611
=CAT  \\$aBATCH-UPD$b00$c20200522$lBLL01$h1446
=CAT  \\$aIPL-CLA$c20200701$lBLL01$h0052
=CAT  \\$aBATCH-UPD$b00$c20210226$lBLL01$h1027
=CAT  \\$aIPL-CLA$c20210331$lBLL01$h1659
=CAT  \\$aBATCH-UPD$b00$c20210707$lBLL01$h1551
=CAT  \\$aIPL-CLA$c20210707$lBLL01$h1842
=CAT  \\$aBATCH-UPD$b00$c20220520$lBLL01$h1638
=CAT  \\$aIPL-CLA$c20220630$lBLL01$h1536
=CAT  \\$aBATCH-UPD$b00$c20220824$lBLL01$h0904
=CAT  \\$aIPL-CLA$c20220930$lBLL01$h1426
=CFI  0\$aCurrent copyright fee: GBP32.82$c19\0$e01-oct-2022$fGBP32.82$g0$hP$5Uk
=CFI  2\$aPrevious copyright fee: GBP31.50$c19\0$e01-jul-2022$fGBP31.50$g0$hP$5Uk
=FFP  \\$aY$bBLDSS-3PM
=FIN  \\$aY
=FMT  \\$a  SE
=LAS  \\$aIPL-CLA$b00$c20220930$lBLL01$h1426
=LEO  \\$aMP22.0000071291
=LKR  \\$aPAR$b011818831$lBLL01$nPsychology of music (Print)$mPsychology of music (Online)$r776
=MNI  \\$a0305-7356
=SID  \\$aZ39$bRLUK
=SRC  \\$aISN01$bbibmp22.200404.2.aa
=TCO  \\$aCLA$bCLA$c008
=TOC  \\$aETOC
=UNO  \\$aY

