=LDR  05366cas a2201285 a 4500
=001  012432615
=003  Uk
=005  20211231154150.0
=006  m\\\\\\\\d\\\\\\\\
=007  cr||||||||||||
=008  990428c19899999ne\br\pso\\\\\0\\\a0eng\c
=010  \\$a2005233045  
=015  \\$aGBB543305$2bnb
=016  \\$a012432615
=019  c\$a102396020
=022  \\$a1879-0410$y0955-0674
=035  \\$a(OCoLC)41264533
=035  \\$a(SFX)954925576019
=037  \\$aISSN_09550674$bPortico$nElsevier
=040  \\$aUk$beng$cUk$dUk
=042  \\$aukblsr
=050  14$aQH573
=082  04$a571.6$223
=130  0\$aCurrent opinion in cell biology (Online)
=222  \0$aCurrent opinion in cell biology$b(Online)
=245  10$aCurrent opinion in cell biology$h[electronic resource].
=260  \\$a[New York] :$bCurrent Science,$c[1989]-
=264  31$a[Amsterdam] :$bElsevier
=310  \\$aBi-monthly
=336  \\$atext$2rdacontent
=337  \\$acomputer$2rdamedia
=338  \\$aonline resource$2rdacarrier
=362  1\$aPrint began with v. 1, no. 1 (Feb. 1989).
=500  \\$aPublished: [London] : Current Biology, 1990-1998; [Kidlington, Oxford] : Elsevier Ltd., 1999-
=540  \\$aCurrent copyright fee: GBP34.30$c5\1$5Uk
=588  \\$aDescription based on: Vol. 1, issue 2 (Apr. 1989); title from contents screen (ScienceDirect, viewed Feb. 24, 2005).
=588  \\$aLatest issue consulted: Volume 33 (April 2015) (ScienceDirect, viewed April 2, 2015).
=650  \0$aCells$vPeriodicals.
=650  \0$aCytology$vPeriodicals.
=650  \2$aCell Biology$vPeriodicals.
=650  \2$aBiology$vPeriodicals.
=650  \2$aCells$vPeriodicals.
=650  \2$aReview Literature$vPeriodicals.
=650  \2$aCell Biology.
=650  \2$aBiology.
=650  \2$aCells.
=650  \2$aReview Literature.
=650  \6$aCellules$xPériodiques.
=650  \6$aCytologie$xPériodiques.
=655  \4$aElectronic journals.
=776  08$iAlso issued in print as:$tCurrent opinion in cell biology$x0955-0674
=852  41$aBritish Library$bHMNTS$jELD Digital store$3Volume 32(2015)-***Previous issues available in print copy
=852  41$aBritish Library$bDSC$j3500.773500$3apr-1995 VOL 7 PART 2-Volume 21:Issue 6(2009)***See ESTAR for full holdings.***Some issues available for 2010
=856  \\$31850-9999$uhttp://www.elsevier.com/journals$xBLDSS
=856  40$uhttp://www.sciencedirect.com/science/journal/09550674
=859  \\$aELD$bejournal
=945  \\$aCURRENT OPINION IN CELL BIOLOGY.
=959  \\$fHeld but not currently received
=963  \\$aCA/U39 VOL. 1, 1989- *A=1$bY
=985  \\$aCorrected by BSS-generated file for WR# 08/157
=A02  \\$a102396020
=ACF  \\$aPrevious copyright fee: GBP19.00$c5\1$e01-jan-2008$fGBP19.00$g0$hP$5Uk
=ACF  \\$aPrevious copyright fee: GBP18.00$c5\1$e01-apr-2004$fGBP18.00$g0$hP$5Uk
=ACF  \\$aCurrent copyright fee: GBP20.00$c5\1$e01-jan-2003$fGBP20.00$g0$hP$5Uk
=ACF  \\$aCurrent copyright fee: GBP15.00$c5\1$e01-jul-2002$fGBP15.00$g0$hP$5Uk
=ACF  \\$aPrevious copyright fee: GBP20.00$c5\1$e01-jan-2009$fGBP20.00$g0$hP$5Uk
=ACF  \\$aPrevious copyright fee: GBP21.00$c5\1$e01-jan-2012$fGBP21.00$g0$hP$5Uk
=ACF  \\$aPrevious copyright fee: GBP22.50$c5\1$e01-jan-2013$fGBP22.50$g0$hP$5Uk
=ACF  \\$aPrevious copyright fee: GBP23.40$c5\1$e01-jan-2018$fGBP23.40$g0$hP$5Uk
=CAT  \\$aCONV$b00$c20040425$lBLL90$h0712
=CAT  \\$aWR10_164$c20101215$lBLL01$h1510
=CAT  \\$aBATCH-UPD$b00$c20111123$lBLL01$h1852
=CAT  \\$aIPL-CLA$c20111230$lBLL01$h2013
=CAT  \\$aBATCH-CLA$b00$c20121109$lBLL01$h1734
=CAT  \\$aBATCH-UPD$b00$c20121121$lBLL01$h1655
=CAT  \\$aWR12_168$c20121206$lBLL01$h1814
=CAT  \\$aIPL-CLA$c20121231$lBLL01$h1309
=CAT  \\$aIPL-CLA$c20130102$lBLL01$h1726
=CAT  \\$aWR13.005$c20130323$lBLL01$h1509
=CAT  \\$aBATCH-CLA$b00$c20140125$lBLL01$h1253
=CAT  \\$aBATCH-CLA$c20140225$lBLL01$h2319
=CAT  \\$aBLDSS-3PM$b00$c20141222$lBLL01$h1712
=CAT  \\$a5110$b40$c20150402$lBLL01$h1354
=CAT  \\$a5110$b40$c20150402$lBLL01$h1359
=CAT  \\$a5110$b40$c20150417$lBLL01$h1546
=CAT  \\$a8411$b40$c20150424$lBLL01$h1111
=CAT  \\$aBATCH-UPD$b40$c20160518$lBLL01$h1500
=CAT  \\$aBATCH-016$c20160608$lBLL01$h1429
=CAT  \\$aBATCH-UPD$b00$c20171121$lBLL01$h1742
=CAT  \\$aW1711-1005$c20171206$lBLL01$h1815
=CAT  \\$aIPL-CLA$c20171231$lBLL01$h1623
=CAT  \\$aBATCH-UPD$b00$c20190521$lBLL01$h1434
=CAT  \\$aIPL-CLA$c20190630$lBLL01$h1531
=CAT  \\$aBATCH-UPD$b00$c20211119$lBLL01$h1552
=CAT  \\$aIPL-CLA$c20211231$lBLL01$h1541
=CFI  0\$aCurrent copyright fee: GBP34.30$c5\1$e01-jan-2022$fGBP34.30$g0$hP$5Uk
=CFI  2\$aPrevious copyright fee: GBP32.84$c5\1$e01-jul-2019$fGBP32.84$g0$hP$5Uk
=EST  \\$a1
=FFP  \\$aY$bBLDSS-3PM
=FIN  \\$aY
=FMT  \\$a  SE
=LAS  \\$aIPL-CLA$b00$c20211231$lBLL01$h1541
=LEO  \\$aMP10.0000629885
=LET  \0$aCurrent opinion in cell biology (Electronic)
=LKR  \\$aPAR$b007739368$lBLL01$nCurrent opinion in cell biology (Print)$mCurrent opinion in cell biology (Online)$r776
=MNI  \\$a0955-0674
=SID  \\$aZ39$bOXFORD$c(OCoLC)41264533
=SRC  \\$aDSS01$bbibmp10.200404.2.aa
=TCO  \\$aCLA$bCLA$c008
=TOC  \\$aETOC

