=LDR  06586cas a2201429 a 4500
=001  012432772
=003  Uk
=005  20230930080633.0
=006  m\\\\\\\\d\\\\\\\\
=007  cr\|n|||||||||
=008  000913c19639999pauqr\pso\\\\\0\\\a0eng\c
=010  \\$a  2001214512$z  2002238301
=015  \\$aGBB608564$2bnb
=016  \\$a012432772
=019  c\$a102064063
=022  0\$a1532-6985$l0046-1520$y0046-1520$21
=035  \\$a(OCoLC)45007061
=035  \\$a(SFX)954925455959
=035  \\$a(SFX) 2001214512
=035  \\$a(WlCaUW)590949
=037  \\$aISSN_00461520$bPortico$nTaylor & Francis
=038  \\$aOCoLC
=040  \\$aUk$beng$cUk
=042  \\$aukblsr
=050  \4$aLB1051
=060  00$aW1$bED875K
=082  04$a370.1505$223
=130  0\$aEducational psychologist (Online)
=210  0\$aEduc. psychol. :$b(Online : OCLC)
=222  \0$aEducational psychologist :$b(Online : OCLC)
=245  10$aEducational psychologist$h[electronic resource].
=260  \\$a[Mahwah, NJ] :$bL. Erlbaum Associates,$c[1963]-
=264  31$a[Philadelphia, PA] :$bRoutledge, Taylor & Francis Group
=310  \\$aQuarterly
=336  \\$atext$2rdacontent
=337  \\$acomputer$2rdamedia
=338  \\$aonline resource$2rdacarrier
=362  1\$aPrint began in 1963.
=540  \\$aCurrent copyright fee: GBP37.00$c2\0$5Uk
=588  \\$aDescription based on: Vol. 35, no. 1 (Mar. 2000); title from journal information screen (viewed July 26, 2000).
=588  \\$aLatest issue consulted: volume 50, issue 3 (2015) (Taylor & Francis Online, viewed January 18, 2016).
=595  \\$aSEE ALSO SERIAL RECORDS USC AND CARD INDEX.
=650  \0$aEducational psychology$vPeriodicals.
=650  \2$aPsychology, Educational$vPeriodicals.
=655  \4$aElectronic journals.
=710  2\$aAmerican Psychological Association.$bDivision of Educational Psychology.
=776  08$iAlso issued in print as:$tEducational psychologist$x0046-1520
=852  41$aBritish Library$bHMNTS$jELD Digital store$3Volume 51:Issue 1(2016)-
=852  41$aBritish Library$bDSC$j3661.530000$3Volume 43:Issue 1(2008)-Volume 52:Issue 4(2017)***See ESTAR for full holdings.
=856  \\$31850-9999$uhttp://www.tandfonline.com/$xBLDSS
=856  40$uhttp://www.tandfonline.com/toc/hedp20/current
=859  \\$aELD$bejournal
=945  \\$aEducational psychologist
=959  \\$fHeld but not currently received
=979  \\$aBritish Library$bDSC$j3661.530000
=A02  \\$a102064063
=ACF  \\$aPrevious copyright fee: GBP17.00$c2\0$e01-jan-2010$fGBP17.00$g0$hP$5Uk
=ACF  \\$aPrevious copyright fee: GBP16.00$c2\0$e01-jan-2009$fGBP16.00$g0$hP$5Uk
=ACF  \\$aPrevious Copyright Fee: GBP15.00$c2\0$e12-may-2008$fGBP15.00$g0$hP$5Uk
=ACF  \\$aPrevious Copyright Fee: GBP15.00$c30\0$e01-jan-2008$fGBP15.00$g0$hP$5Uk
=ACF  \\$aPrevious copyright fee: GBP12.00$c30\0$e01-jul-2007$fGBP12.00$g0$hP$5Uk
=ACF  \\$aPrevious copyright fee: GBP12.30$c30\0$e01-apr-2007$fGBP12.30$g0$hP$5Uk
=ACF  \\$aPrevious copyright fee: GBP12.97$c30\0$e01-oct-2006$fGBP12.97$g0$hP$5Uk
=ACF  \\$aPrevious copyright fee: GBP13.72$c30\0$e01-apr-2006$fGBP13.72$g0$hP$5Uk
=ACF  \\$aPrevious copyright fee: GBP13.33$c30\0$e01-jan-2006$fGBP13.33$g0$hP$5Uk
=ACF  \\$aPrevious copyright fee: GBP12.98$c30\0$e01-apr-2005$fGBP12.98$g0$hP$5Uk
=ACF  \\$aPrevious copyright fee: GBP13.33$c30\0$e01-jan-2005$fGBP13.33$g0$hP$5Uk
=ACF  \\$aPrevious copyright fee: GBP12.97$c30\0$e01-apr-2004$fGBP12.97$g0$hP$5Uk
=ACF  \\$aCurrent copyright fee: GBP14.11$c30\0$e01-jan-2004$fGBP14.11$g0$hP$5Uk
=ACF  \\$aCurrent copyright fee: GBP7.50$c30\0$e01-jan-2003$fGBP7.50$g0$hP$5Uk
=ACF  \\$aPrevious copyright fee: GBP21.00$c2\0$e01-jan-2011$fGBP21.00$g0$hP$5Uk
=ACF  \\$aPrevious copyright fee: GBP23.00$c2\0$e01-jan-2012$fGBP23.00$g0$hP$5Uk
=ACF  \\$aPrevious copyright fee: GBP23.50$c2\0$e01-jan-2013$fGBP23.50$g0$hP$5Uk
=ACF  \\$aPrevious copyright fee: GBP24.00$c2\0$e01-jan-2014$fGBP24.00$g0$hP$5Uk
=ACF  \\$aPrevious copyright fee: GBP25.00$c2\0$e01-jan-2015$fGBP25.00$g0$hP$5Uk
=ACF  \\$aPrevious copyright fee: GBP26.00$c2\0$e01-jan-2016$fGBP26.00$g0$hP$5Uk
=ACF  \\$aPrevious copyright fee: GBP28.00$c2\0$e01-jan-2017$fGBP28.00$g0$hP$5Uk
=ACF  \\$aPrevious copyright fee: GBP30.00$c2\0$e01-jan-2018$fGBP30.00$g0$hP$5Uk
=ACF  \\$aPrevious copyright fee: GBP32.00$c2\0$e01-jan-2019$fGBP32.00$g0$hP$5Uk
=ACF  \\$aPrevious copyright fee: GBP34.00$c2\0$e01-jan-2020$fGBP34.00$g0$hP$5Uk
=ACF  \\$aPrevious copyright fee: GBP35.00$c2\0$e01-jan-2021$fGBP35.00$g0$hP$5Uk
=CAT  \\$aCONV$b00$c20040425$lBLL90$h0712
=CAT  \\$aBATCH-UPD$b00$c20151119$lBLL01$h1542
=CAT  \\$aIPL-CLA$c20151231$lBLL01$h1918
=CAT  \\$a8464$b40$c20160111$lBLL01$h0858
=CAT  \\$a11205$b40$c20160118$lBLL01$h1445
=CAT  \\$a8464$b40$c20160204$lBLL01$h0945
=CAT  \\$aBATCH-UPD$b40$c20160604$lBLL01$h2254
=CAT  \\$aBATCH-016$c20160608$lBLL01$h1429
=CAT  \\$aBATCH-UPD$b00$c20161122$lBLL01$h1512
=CAT  \\$aIPL-CLA$c20161230$lBLL01$h2113
=CAT  \\$aBATCH-UPD$b00$c20171121$lBLL01$h1646
=CAT  \\$aW1711-1005$c20171206$lBLL01$h1815
=CAT  \\$aIPL-CLA$c20171231$lBLL01$h1623
=CAT  \\$aBATCH-UPD$b00$c20181217$lBLL01$h1637
=CAT  \\$aIPL-CLA$c20181231$lBLL01$h1539
=CAT  \\$aW1811-111$c20190203$lBLL01$h0956
=CAT  \\$aBATCH-UPD$b00$c20191122$lBLL01$h1859
=CAT  \\$aIPL-CLA$c20191231$lBLL01$h1922
=CAT  \\$aBATCH-UPD$b00$c20201118$lBLL01$h1333
=CAT  \\$aIPL-CLA$c20201231$lBLL01$h1528
=CAT  \\$aBATCH-UPD$b00$c20221121$lBLL01$h1346
=CAT  \\$aIPL-CLA$c20221231$lBLL01$h1444
=CAT  \\$a5410$b40$c20230213$lBLL01$h0934
=CAT  \\$a12654$b40$c20230913$lBLL01$h0837
=CAT  \\$a12654$b40$c20230913$lBLL01$h0841
=CAT  \\$aIPL-CLA$c20230930$lBLL01$h0806
=CFI  0\$aCurrent copyright fee: GBP37.00$c2\0$e01-oct-2023$fGBP37.00$g0$hP$5Uk
=CFI  2\$aPrevious copyright fee: GBP37.00$c30\0$e01-jan-2023$fGBP37.00$g0$hP$5Uk
=EST  \\$a1
=FFP  \\$aY$bBLDSS-3PM
=FIN  \\$aY
=FMT  \\$a  SE
=LAS  \\$aIPL-CLA$b00$c20230930$lBLL01$h0806
=LEO  \\$aMP10.0000630042
=LET  \0$aEducational psychologist (Electronic)
=LKR  \\$aPAR$b009889467$lBLL01$nEducational psychologist (Print)$mEducational psychologist (Online)$r776
=MNI  \\$a0046-1520
=SID  \\$aZ39$bRLUK
=SRC  \\$aDSS01$bbibmp10.200404.2.aa
=TCO  \\$aTRS$bCCC$c008
=TOC  \\$aETOC

