=LDR  05246cas a2201249 i 4500
=001  012432972
=003  Uk
=005  20211231154154.0
=006  m\\\\\\\\d\\\\\\\\
=007  cr||||||||||||
=008  890612d19892005it\mr\p\\\\\\\0\\\a0eng\c
=010  \\$asn 89036439 
=019  c\$a102395178
=022  \\$a1879-0569$y0014-827X
=030  \\$aFRMCE8
=035  \\$a(OCoLC)19853803
=035  \\$a(SFX)954925399508
=040  \\$aUk$beng$cUk$dUk$erda
=041  0\$aeng$afre$aita
=042  \\$aukblsr
=050  00$aRS400$b.F375
=082  04$a615.05$223
=130  0\$aFarmaco (Società chimica italiana : 1989 : Online)
=210  1\$aFarmaco$b(Pavia)
=222  \0$aFarmaco$b(Online)
=245  13$aIl Farmaco.
=260  \\$aPavia :$bSocietà chimica italiana,$c1989-2005.
=264  31$aAmsterdam :$bElsevier
=310  \\$aMonthly
=336  \\$atext$2rdacontent
=337  \\$acomputer$2rdamedia
=338  \\$aonline resource$2rdacarrier
=362  0\$aVol. 44, n. 1 (Jan. 1989)-v. 60, no. 11-12 (Nov.-Dec. 2005).
=510  2\$aChemical abstracts,$x0009-2258
=520  \\$a"An international journal of medicinal chemistry and pharmaceutical chemistry."
=540  \\$aCurrent copyright fee: GBP34.30$c5\1$5Uk
=546  \\$aArticles in English, French, and Italian; summaries in English, French, or Italian.
=580  \\$aFormed by the union of: Farmaco (Edizione pratica); and: Farmaco (Edizione scientifica).
=595  \\$aFORMERLY 3888.00 AND 3889.00 UP TO VOL. 43, 1988 SEE ALSO SERIAL RECORDS KCC/MAN AND CA CARD INDEX.
=650  \0$aPharmaceutical chemistry$vPeriodicals.
=650  \0$aPharmacology$vPeriodicals.
=650  \2$aChemistry, Pharmaceutical.
=650  \2$aDrug Therapy.
=650  \4$aEjournals$xUML.
=650  \7$aPharmaceutical chemistry.$2fast$0(OCoLC)fst01060115
=650  \7$aPharmacology.$2fast$0(OCoLC)fst01060259
=710  2\$aSocietà chimica italiana.
=776  08$iAlso issued in print as:$tFarmaco.$x0014-827X
=780  14$tFarmaco (Edizione pratica)$x0430-0912
=780  14$tFarmaco (Edizione scientifica)$x0430-0920
=785  00$tChemMedChem$x1860-7179
=852  41$aBritish Library$bDSC$j3887.500000$3nov-1998 VOL 53 PART 10/11-Volume 60:Part 11/12(2005)***See ESTAR for full holdings.
=856  \0$31850-9999$uhttp://www.elsevier.com/journals$xBLDSS
=856  40$uhttp://www.sciencedirect.com/science/journal/0014827X
=945  \\$aFarmaco
=959  \\$fHeld but not currently received
=A02  \\$a102395178
=ACF  \\$aPrevious copyright fee: GBP19.00$c5\2$e01-jan-2008$fGBP19.00$g0$hP$5Uk
=ACF  \\$aPrevious Copyright Fee: GBP18.00$c5\2$e01-apr-2004$fGBP18.00$g0$hP$5Uk
=ACF  \\$aCurrent copyright fee: GBP20.00$c5\2$e01-jan-2003$fGBP20.00$g0$hP$5Uk
=ACF  \\$aCurrent copyright fee: GBP15.00$c5\2$e01-jul-2002$fGBP15.00$g0$hP$5Uk
=ACF  \\$aPrevious copyright fee: GBP20.00$c5\1$e01-jan-2009$fGBP20.00$g0$hP$5Uk
=ACF  \\$aPrevious copyright fee: GBP21.00$c5\1$e01-jan-2012$fGBP21.00$g0$hP$5Uk
=ACF  \\$aPrevious copyright fee: GBP22.50$c5\1$e01-jan-2013$fGBP22.50$g0$hP$5Uk
=ACF  \\$aCurrent Copyright Fee: GBP39.00$c35\0$e04-aug-2021$fGBP39.00$g0$hP$5Uk
=ACF  \\$aPrevious copyright fee: GBP32.84$c5\1$e01-jul-2019$fGBP32.84$g0$hP$5Uk
=ACF  \\$aPrevious copyright fee: GBP23.40$c5\1$e01-jan-2018$fGBP23.40$g0$hP$5Uk
=CAT  \\$aCONV$b00$c20040425$lBLL90$h0712
=CAT  \\$aBATCH$b00$c20091216$lBLL01$h0216
=CAT  \\$aWR10_164$c20101215$lBLL01$h1510
=CAT  \\$aWR11_155$c20111021$lBLL01$h1304
=CAT  \\$aWR11_155$c20111114$lBLL01$h1644
=CAT  \\$aBATCH-UPD$b00$c20111123$lBLL01$h1852
=CAT  \\$aIPL-CLA$c20111230$lBLL01$h2013
=CAT  \\$aBATCH-CLA$b00$c20121109$lBLL01$h1734
=CAT  \\$aBATCH-UPD$b00$c20121121$lBLL01$h1655
=CAT  \\$aIPL-CLA$c20121231$lBLL01$h1309
=CAT  \\$aIPL-CLA$c20130102$lBLL01$h1726
=CAT  \\$aWR13.005$c20130323$lBLL01$h1510
=CAT  \\$aBATCH-CLA$b00$c20140125$lBLL01$h1312
=CAT  \\$aBATCH-CLA$c20140225$lBLL01$h2319
=CAT  \\$aBLDSS-3PM$b00$c20141222$lBLL01$h1712
=CAT  \\$a5110$b40$c20160914$lBLL01$h1537
=CAT  \\$aBATCH-UPD$b40$c20170812$lBLL01$h1713
=CAT  \\$aBATCH-UPD$b40$c20171121$lBLL01$h1742
=CAT  \\$aIPL-CLA$c20171231$lBLL01$h1623
=CAT  \\$aBATCH-UPD$b00$c20190521$lBLL01$h1434
=CAT  \\$aIPL-CLA$c20190630$lBLL01$h1531
=CAT  \\$a5552$b40$c20210804$lBLL01$h0849
=CAT  \\$a12654$b40$c20211028$lBLL01$h0746
=CAT  \\$aBATCH-UNOD$c20211102$lBLL01$h2309
=CAT  \\$aBATCH-UPD$b00$c20211119$lBLL01$h1552
=CAT  \\$aIPL-CLA$c20211231$lBLL01$h1541
=CFI  0\$aCurrent copyright fee: GBP34.30$c5\1$e01-jan-2022$fGBP34.30$g0$hP$5Uk
=CFI  2\$aPrevious copyright fee: GBP32.84$c5\1$e28-aug-2021$fGBP32.84$g0$hP$5Uk
=EST  \\$a1
=FFP  \\$aY$bBLDSS-3PM
=FIN  \\$aY
=FMT  \\$a  SE
=LAS  \\$aIPL-CLA$b00$c20211231$lBLL01$h1541
=LEO  \\$aMP10.0000630242
=LKR  \\$aPAR$b012104114$lBLL01$nIl Farmaco (Print)$mIl Farmaco (Online)$r776
=MNI  \\$a0014-827X
=SID  \\$aZ39$bOXFORD$c(OCoLC)19853803
=SRC  \\$aDSS01$bbibmp10.200404.2.aa
=TCO  \\$aITA$bAIDRO / SIAE$c008
=TOC  \\$aETOC

