=LDR  05300cas a2201249 a 4500
=001  012434838
=003  Uk
=005  20221231144445.0
=006  m\\\\\\\\d\\\\\\\\
=007  cr\|n|||||||||
=008  990929c19979999enkqr\p\o\\\\\0\\\a0eng\c
=010  \\$a--2011253104
=019  c\$a102545663
=022  0\$a1476-5608$202
=035  \\$a(OCoLC)42458934
=035  \\$a(SFX)954925620160
=037  \\$a???$bSpringer
=040  \\$aUk$beng$cUk
=042  \\$apcc$aissnuk$aukblsr
=050  00$aRC280.P7$bP7583
=082  04$a616.65005$223
=210  0\$aProstate cancer prostatic dis.$b(Online)
=222  \0$aProstate cancer and prostatic diseases$b(Online)
=245  00$aProstate cancer and prostatic diseases$h[electronic resource].
=260  \\$31997-Dec. 1999$a[Houndmills, Basingstoke, Hampshire, UK] :$bStockton Press
=260  3\$3Dec. 1999-$aHoundmills, Basingstoke, Hampshire :$bNature Pub. Group
=310  \\$aQuarterly,$b2000-
=321  \\$aBimonthly,$b1997-1999
=336  \\$atext$2rdacontent
=337  \\$acomputer$2rdamedia
=338  \\$aonline resource$2rdacarrier
=362  1\$aPrint began with vol. 1, no. 1 (Sept. 1997).
=540  \\$aCurrent copyright fee: GBP34.95$c16\0$5Uk
=588  \\$aDescription based on: Vol. 1, no. 2 (Dec. 1997); title from article PDF (publisher's Web site, viewed Sept. 9, 2011).
=588  \\$aLatest issue consulted: volume 20, issue 4 (December 2017) (nature.com, viewed March 15, 2017).
=650  \0$aProstate$xCancer$vPeriodicals.
=650  \0$aProstate$xDiseases$vPeriodicals.
=650  12$aProstatic Neoplasms.
=650  22$aProstatic Diseases.
=650  \6$aProstate$xCancer$vPériodiques.
=650  \6$aProstate$xMaladies$vPériodiques.
=655  \2$aPeriodicals.
=776  08$iPrint version:$tProstate cancer and prostatic diseases$x1365-7852
=852  41$aBritish Library$bHMNTS$jELD Digital store$3Volume 21:Issue 1(2018)-
=852  41$aBritish Library$bDSC$j6935.194500$32000 VOL 3 PART 1-***See ESTAR for full holdings.
=856  \\$31850-9999$uhttp://www.nature.com/$xBLDSS
=856  40$uhttp://www.nature.com/pcan/
=859  \\$aELD$bejournal
=945  \\$aPROSTATE CANCER AND PROSTATIC DISEASES.
=959  \\$fCurrently received
=963  \\$aCA/U-7 VOL. 1, 1997- 2, 1999 *A=1$bY
=985  \\$aCorrected by BSS-generated file for WR# 08/157
=985  \\$aCorrected by MS generated file for WR# 12.018
=A02  \\$a102545663
=ACF  \\$aPrevious copyright fee: GBP16.60$c16\0$e01-jan-2007$fGBP16.60$g0$hP$5Uk
=ACF  \\$aPrevious copyright fee: GBP16.22$c16\0$e01-oct-2006$fGBP16.22$g0$hP$5Uk
=ACF  \\$aPrevious copyright fee: GBP17.14$c16\0$e01-apr-2006$fGBP17.14$g0$hP$5Uk
=ACF  \\$aPrevious copyright fee: GBP16.67$c16\0$e01-jan-2006$fGBP16.67$g0$hP$5Uk
=ACF  \\$aPrevious copyright fee: GBP16.22$c16\0$e01-apr-2005$fGBP16.22$g0$hP$5Uk
=ACF  \\$aPrevious copyright fee: GBP16.67$c16\0$e01-jan-2005$fGBP16.67$g0$hP$5Uk
=ACF  \\$aPrevious copyright fee: GBP13.51$c16\0$e01-apr-2004$fGBP13.51$g0$hP$5Uk
=ACF  \\$aCurrent copyright fee: GBP14.71$c16\0$e01-jan-2004$fGBP14.71$g0$hP$5Uk
=ACF  \\$aCurrent copyright fee: GBP15.63$c16\0$e01-jan-2003$fGBP15.63$g0$hP$5Uk
=ACF  \\$aPrevious copyright fee: GBP17.50$c16\0$e01-jan-2009$fGBP17.50$g0$hP$5Uk
=ACF  \\$aPrevious copyright fee: GBP22.00$c16\0$e01-oct-2010$fGBP22.00$g0$hP$5Uk
=CAT  \\$aCONV$b00$c20040425$lBLL90$h0713
=CAT  \\$aBATCH-UPD$b00$c20081209$lBLL01$h1454
=CAT  \\$aBATCH-UPD$b00$c20081231$lBLL01$h2313
=CAT  \\$aBATCH-UPD$b00$c20090101$lBLL01$h0047
=CAT  \\$aBATCH$b00$c20090101$lBLL01$h0222
=CAT  \\$aBATCH$b00$c20091210$lBLL01$h2331
=CAT  \\$aBATCH$b00$c20091214$lBLL01$h0843
=CAT  \\$aBATCH$b00$c20091216$lBLL01$h0217
=CAT  \\$aBATCH-UPD$b00$c20100818$lBLL01$h1551
=CAT  \\$aIPL-CLA$c20100930$lBLL01$h1523
=CAT  \\$aWR10_164$c20101215$lBLL01$h1511
=CAT  \\$aBATCH-UPD$b00$c20120614$lBLL01$h2142
=CAT  \\$aBLSS-CORR$b00$c20120724$lBLL01$h1759
=CAT  \\$aBATCH-CLA$b00$c20121109$lBLL01$h1733
=CAT  \\$aWR12_168$c20121206$lBLL01$h1815
=CAT  \\$aWR13.005$c20130323$lBLL01$h1510
=CAT  \\$a5552$b40$c20131016$lBLL01$h1039
=CAT  \\$aBLDSS-3PM$b00$c20150111$lBLL01$h1521
=CAT  \\$aBATCH-UPD$b00$c20160815$lBLL01$h0924
=CAT  \\$aBATCH-UPD$b00$c20171121$lBLL01$h1636
=CAT  \\$aIPL-CLA$c20171231$lBLL01$h1623
=CAT  \\$a9658$b40$c20180215$lBLL01$h1723
=CAT  \\$a10806$b40$c20180302$lBLL01$h1000
=CAT  \\$a10806$b40$c20180315$lBLL01$h0927
=CAT  \\$aBATCH-UPD$b40$c20221121$lBLL01$h1331
=CAT  \\$aIPL-CLA$c20221231$lBLL01$h1444
=CFI  0\$aCurrent copyright fee: GBP34.95$c16\0$e01-jan-2023$fGBP34.95$g0$hP$5Uk
=CFI  2\$aPrevious copyright fee: GBP24.00$c16\0$e01-jan-2018$fGBP24.00$g0$hP$5Uk
=EST  \\$a1
=FFP  \\$aY$bBLDSS-3PM
=FIN  \\$aY
=FMT  \\$a  SE
=LAS  \\$aIPL-CLA$b00$c20221231$lBLL01$h1444
=LEO  \\$aMP10.0000632108
=LEO  \\$aMP22.0000068648
=MNI  \\$a1365-7852
=SID  \\$aZ39$bOXFORD$c(OCoLC)42458934
=SRC  \\$aISN01$bbibmp22.200404.2.aa
=SRC  \\$aDSS01$bbibmp10.200404.2.aa
=TCO  \\$aCLA$bCLA$c008
=TOC  \\$aETOC
=UNO  \\$aY

