=LDR  07173cas a2201405 a 4500
=001  012911628
=003  Uk
=005  20220930142640.0
=006  m\\\\\\\\d\\\\\\\\
=007  cr\|n|||||||||
=008  990727c19959999enkqr\pso\\\\\0\\\a0eng\c
=010  \\$a2009249015
=015  \\$aGBB3A7582$2bnb
=022  0\$a1461-7153$202
=035  \\$a(OCoLC)41963668
=035  \\$a(SFX)960238624255
=037  \\$aEVI$bSage (UK) Ltd
=040  \\$aUk$beng$cUk
=041  0\$aeng$bfre
=042  \\$aissnuk$aukblsr
=050  14$aHV41$b.E89
=082  04$a361.61068$223
=130  0\$aEvaluation (London, England : 1995 : Online)
=222  \0$aEvaluation$b(London. 1995. Online)
=245  10$aEvaluation$h[electronic resource].
=260  \\$a[Thousand Oaks, Calif.] :$bSage Publications
=264  \1$a[London] :$bSAGE publications
=310  \\$aQuarterly
=336  \\$atext$2rdacontent
=337  \\$acomputer$2rdamedia
=338  \\$aonline resource$2rdacarrier
=362  1\$aPrint began with vol. 1, no. 1 (July 1995).
=540  \\$aCurrent copyright fee: GBP32.82$c19\0$5Uk
=546  \\$aText in English with French abstracts.
=550  \\$aPublished in association with the Tavistock Institute, London, England.
=588  \\$aDescription based on: Vol. 5, no. 1 (1999); title from journal information screen (viewed June 21, 1999).
=588  \\$aLatest issue consulted: volume 19, issue 4 (October 2013) (SAGE journals, viewed November 26, 2013).
=650  \0$aEvaluation research (Social action programs)$vPeriodicals.
=690  7\$aSocial Welfare$2blcoll
=710  2\$aTavistock Institute of Human Relations.
=776  08$iAlso issued in print as:$tEvaluation (London, England : 1995)$x1356-3890
=852  41$aBritish Library$bHMNTS$jELD Digital store$3Volume 19:Number 1(2013)-***Previous issues available in print copy
=856  \\$31850-9999$uhttp://www.uk.sagepub.com/home.nav$xBLDSS
=856  40$uhttp://evi.sagepub.com/
=856  40$uhttp://oxfordsfx-direct.hosted.exlibrisgroup.com/oxford?url%5Fver=Z39.88-2004&ctx%5Fver=Z39.88-2004&ctx%5Fenc=info:ofi/enc:UTF-8&rfr%5Fid=info:sid/sfxit.com:opac%5F856&url%5Fctx%5Ffmt=info:ofi/fmt:kev:mtx:ctx&sfx.ignore%5Fdate%5Fthreshold=1&rft.object%5Fid=960238624255&svc%5Fval%5Ffmt=info:ofi/fmt:kev:mtx:sch%5Fsvc&
=859  \\$aELD$bejournal
=945  \\$aEVALUATION -LONDON-.
=979  \\$aBritish Library$bDSC$j3830.559000
=ACF  \\$aPrevious copyright fee: GBP10.50$c0$e01-jan-2011$fGBP10.50$g0$hA$5Uk
=ACF  \\$aBritish Library not licensed to copy$c0$e01-apr-2007$hC$iCLA Excluded$5Uk
=ACF  \\$aBritish Library not licensed to copy$c0$e01-jan-2007$hC$iCLA Excluded$5Uk
=ACF  \\$aBritish Library not licensed to copy$c0$e01-oct-2006$hC$iCLA Excluded$5Uk
=ACF  \\$aBritish Library not licensed to copy$c0$e01-jul-2006$hC$iCLA Excluded$5Uk
=ACF  \\$aBritish Library not licensed to copy$c0$e01-apr-2006$hC$iCLA Excluded$5Uk
=ACF  \\$aBritish Library not licensed to copy$c0$e01-jan-2006$hC$iCLA Excluded$5Uk
=ACF  \\$aBritish Library not licensed to copy$c0$e01-oct-2005$hC$iCLA Excluded$5Uk
=ACF  \\$aBritish Library not licensed to copy$c0$e01-jul-2005$hC$iCLA Excluded$5Uk
=ACF  \\$aBritish Library not licensed to copy$c0$e01-apr-2005$hC$iCLA Excluded$5Uk
=ACF  \\$aBritish Library not licensed to copy$c0$e01-jan-2005$hC$iCLA Excluded$5Uk
=ACF  \\$aBritish Library not licensed to copy$c0$e01-oct-2004$hC$iCLA Excluded$5Uk
=ACF  \\$aPrevious copyright fee: GBP12.00$c0$e01-jan-2012$fGBP12.00$g0$hA$5Uk
=ACF  \\$aPrevious copyright fee: GBP15.15$c19\0$e04-oct-2012$fGBP15.15$g0$hP$5Uk
=ACF  \\$aPrevious copyright fee: GBP15.63$c19\0$e01-jan-2013$fGBP15.63$g0$hP$5Uk
=ACF  \\$aPrevious copyright fee: GBP16.13$c19\0$e01-jul-2013$fGBP16.13$g0$hP$5Uk
=ACF  \\$aPrevious copyright fee: GBP15.63$c19\0$e01-jan-2014$fGBP15.63$g0$hP$5Uk
=ACF  \\$aPrevious copyright fee: GBP15.15$c19\0$e01-jul-2014$fGBP15.15$g0$hP$5Uk
=ACF  \\$aPrevious copyright fee: GBP16.13$c19\0$e01-apr-2015$fGBP16.13$g0$hP$5Uk
=ACF  \\$aPrevious copyright fee: GBP16.67$c19\0$e01-jul-2015$fGBP16.67$g0$hP$5Uk
=ACF  \\$aPrevious copyright fee: GBP16.13$c19\0$e01-oct-2015$fGBP16.13$g0$hP$5Uk
=ACF  \\$aPrevious copyright fee: GBP17.24$c19\0$e01-apr-2016$fGBP17.24$g0$hP$5Uk
=ACF  \\$aPrevious copyright fee: GBP18.52$c19\0$e01-oct-2016$fGBP18.52$g0$hP$5Uk
=ACF  \\$aPrevious copyright fee: GBP19.23$c19\0$e01-oct-2017$fGBP19.23$g0$hP$5Uk
=ACF  \\$aPrevious copyright fee: GBP20.00$c19\0$e01-apr-2017$fGBP20.00$g0$hP$5Uk
=ACF  \\$aPrevious copyright fee: GBP27.69$c19\0$e13-feb-2018$fGBP27.69$g0$hP$5Uk
=ACF  \\$aPrevious copyright fee: GBP25.71$c19\0$e01-apr-2018$fGBP25.71$g0$hP$5Uk
=ACF  \\$aPrevious copyright fee: GBP27.69$c19\0$e01-oct-2018$fGBP27.69$g0$hP$5Uk
=ACF  \\$aPrevious copyright fee: GBP29.08$c19\0$e01-jul-2019$fGBP29.08$g0$hP$5Uk
=ACF  \\$aPrevious copyright fee: GBP30.24$c19\0$e01-oct-2019$fGBP30.24$g0$hP$5Uk
=ACF  \\$aPrevious copyright fee: GBP30.29$c19\0$e01-apr-2020$fGBP30.29$g0$hP$5Uk
=ACF  \\$aPrevious copyright fee: GBP31.50$c19\0$e01-jul-2020$fGBP31.50$g0$hP$5Uk
=ACF  \\$aPrevious copyright fee: GBP29.17$c19\0$e01-apr-2021$fGBP29.17$g0$hP$5Uk
=ACF  \\$aPrevious copyright fee: GBP28.13$c19\0$e07-jul-2021$fGBP28.13$g0$hP$5Uk
=CAT  \\$a8201$b40$c20040506$lTMP01$h1602
=CAT  \\$a5552$b40$c20170522$lBLL01$h1420
=CAT  \\$aBATCH-UPD$b40$c20170904$lBLL01$h1829
=CAT  \\$aIPL-CLA$c20170929$lBLL01$h1726
=CAT  \\$aW1711-1005$c20171206$lBLL01$h1816
=CAT  \\$aBATCH-UPD$b00$c20180223$lBLL01$h1646
=CAT  \\$a5552$b40$c20180313$lBLL01$h1334
=CAT  \\$aIPL-CLA$c20180331$lBLL01$h1617
=CAT  \\$aBATCH-UPD$b00$c20180823$lBLL01$h1934
=CAT  \\$aIPL-CLA$c20180930$lBLL01$h1501
=CAT  \\$aBATCH-UPD$b00$c20190521$lBLL01$h1407
=CAT  \\$aIPL-CLA$c20190630$lBLL01$h1532
=CAT  \\$aBATCH-UPD$b00$c20190829$lBLL01$h1515
=CAT  \\$aIPL-CLA$c20190930$lBLL01$h1636
=CAT  \\$aBATCH-UPD$b00$c20200219$lBLL01$h1508
=CAT  \\$aIPL-CLA$c20200331$lBLL01$h1612
=CAT  \\$aBATCH-UPD$b00$c20200522$lBLL01$h1446
=CAT  \\$aIPL-CLA$c20200701$lBLL01$h0054
=CAT  \\$aBATCH-UPD$b00$c20210226$lBLL01$h1027
=CAT  \\$aIPL-CLA$c20210331$lBLL01$h1700
=CAT  \\$aBATCH-UPD$b00$c20210707$lBLL01$h1551
=CAT  \\$aIPL-CLA$c20210707$lBLL01$h1843
=CAT  \\$aBATCH-UPD$b00$c20220520$lBLL01$h1638
=CAT  \\$aIPL-CLA$c20220630$lBLL01$h1537
=CAT  \\$aBATCH-UPD$b00$c20220824$lBLL01$h0904
=CAT  \\$aIPL-CLA$c20220930$lBLL01$h1426
=CFI  0\$aCurrent copyright fee: GBP32.82$c19\0$e01-oct-2022$fGBP32.82$g0$hP$5Uk
=CFI  2\$aPrevious copyright fee: GBP31.50$c19\0$e01-jul-2022$fGBP31.50$g0$hP$5Uk
=FFP  \\$aY$bBLDSS-3PM
=FIN  \\$aY$d20070318
=FMT  \\$a  SE
=LAS  \\$aIPL-CLA$b00$c20220930$lBLL01$h1426
=LET  \0$aEvaluation (Electronic)
=MNI  \\$a1356-3890
=SID  \\$aZ39$bOXFORD$c(OCoLC)41963668
=TCO  \\$aCLA$bCLA$c008
=TOC  \\$aETOC
=UNO  \\$aY

