=LDR  01612 am a2200445ua 4500
=001  013150407
=003  Uk
=005  20040304150422.0
=008  861202s1953\\\\enk\\\\\\b\\\\001\0beng\\
=035  \\$a(RLG)CSFX86-B14835
=040  \\$aCSf$cCSf
=041  1\$aeng$hper
=100  0\$aNabīl Zarandī,$d1831-1892.
=240  00$aTārīkhī Nabīl.$lEnglish
=245  14$aThe dawn-breakers :$bNabíl's narrative of the early days of the Bahá'í revelation /$ctranslated from the original Persian by Shoghi Effendi.
=250  \\$a1st British ed.
=260  \\$aLondon :$bBahá'í Publishing Trust,$c1953.
=300  \\$axxxv, 507 p. ;$c22 cm.
=336  \\$atext$2rdacontent
=337  \\$aunmediated$2rdamedia
=338  \\$avolume$2rdacarrier
=500  \\$aTranslation of: Tārīkhī Nabīl (romanized form)
=500  \\$aIncludes index.
=500  \\$aContaining the first half of the Narrative only, up to the expulsion of the Bāb from Persia.
=504  \\$aBibliography: p. 491-493.
=600  10$aBāb, ʿAlī Muḥammad Shīrāzī,$d1819-1850.
=600  00$aBahá'Allah,$d1817-1892.
=650  \0$aBahai Faith.
=650  \0$aBabism.
=700  0\$aShoghi,$cEffendi.
=852  41$aBritish Library$bOC$j14728.c.22
=985  00$aPOC1
=CAT  \\$aIMPPERSIAN$c20050323$lBLL01$h0650
=CAT  \\$c20050324$lBLL01$h1517
=CAT  \\$aBATCH-UPD$b00$c20060813$lBLL01$h1839
=CAT  \\$aBATCH-UPD$b00$c20081018$lBLL01$h1731
=CAT  \\$aBATCH-UPD$b00$c20090516$lBLL01$h1735
=FMT  \\$a  BK
=LAS  \\$aBATCH-UPD$b00$c20090516$lBLL01$h1735
=SRC  \\$aPersian$bpersian.final.oc

