=LDR  01486 am a2200397u  4500
=001  013153198
=003  Uk
=005  20040304150422.0
=008  840702s1954\\\\mau\\\\\\\\\\\000\0\eng\d
=010  \\$a54008493
=035  \\$a(RLG)CSFX84-B9021
=040  \\$cNSyU$d*OCL*$d*m.c.*$dNNU$dCStRLIN$dCSf
=041  0\$aeng$apeo$aara
=050  \4$aDK876$b.N25
=082  0\$a958.4$a958.6
=100  1\$aNarshakhī, Abū Bakr Muḥammad ibn Jaʿfar,$d899-959.
=245  14$aThe history of Bukhara /$ctranslated from a Persian abridgement of the Arabic original by Narshakhī. [Edited and translated by] Richard N. Frye.
=260  \\$aCambridge, Mass. :$bMediaeval Academy of America,$c1954.
=300  \\$axx, 178 p. :$bfacsims. ;$c24 cm.
=336  \\$atext$2rdacontent
=337  \\$aunmediated$2rdamedia
=338  \\$avolume$2rdacarrier
=490  0\$aMedieval Academy of America. Publications ;$vno. 61.
=651  \0$aBukharskai︠a︡ Narodnai︠a︡ Sovetskai︠a︡ Respublika (Russia)$xHistory.
=700  1\$aFrye, Richard N.$q(Richard Nelson),$d1920-2014.
=852  41$aBritish Library$bOC$jAc.2684/2
=852  41$aBritish Library$bOC$jPer.D.620
=985  00$aPOC1
=985  00$aPIO1
=CAT  \\$aIMPPERSIAN$c20050323$lBLL01$h0652
=CAT  \\$c20050324$lBLL01$h1520
=CAT  \\$aBATCH-UPD$b00$c20080824$lBLL01$h1934
=CAT  \\$aBATCH-UPD$b00$c20140403$lBLL01$h2043
=FMT  \\$a  BK
=LAS  \\$aBATCH-UPD$b00$c20140403$lBLL01$h2043
=SRC  \\$aPersian$bpersian.final.oc

