=LDR  01406 am a2200433u  4500
=001  013162278
=003  Uk
=005  20160927140440.0
=008  890621s1949\\\\ctub\\\\\b\\\\001\0\eng\u
=010  \\$a49050057
=035  \\$a(RLG)CSFX89-B7132
=040  \\$cTxShA$dNNU$dCStRLIN$dCSf
=041  0\$aeng$aara
=043  \\$aa-is---$aa-jo---
=050  \4$aBP163$b.M38
=082  0\$a297
=100  1\$aMatthews, Charles D.,$d1901-
=245  10$aPalestine, Mohammedan Holy Land /$cwith a forward by Julian Obermann.
=246  3\$aKitāb bāʿith al-nufūs
=246  3\$aKitāb muthīr al-gharām
=260  \\$aNew Haven :$bYale University Press,$c1949.
=300  \\$axxx, 176 p. :$bmap. ;$c26 cm.
=336  \\$atext$2rdacontent
=337  \\$aunmediated$2rdamedia
=338  \\$avolume$2rdacarrier
=490  0\$aYale oriental series. Researches ;$vv. 24
=504  \\$aBibliography: p. 157-158.
=597  \\$acontract specific$b246$dAdded from card.
=650  \0$aMuslim pilgrims and pilgrimages$zJerusalem.
=650  \0$aMuslim pilgrims and pilgrimages$zHebron.
=650  \0$aPalestine in Islam.
=852  41$aBritish Library$bOC$jArab.D.567
=985  00$aAIO1
=CAT  \\$aIMPARAIO$c20050324$lBLL01$h1712
=CAT  \\$c20050324$lBLL01$h1858
=CAT  \\$a13943$b40$c20160927$lBLL01$h1404
=FMT  \\$a  BK
=LAS  \\$a13943$b40$c20160927$lBLL01$h1404
=SRC  \\$aArabic$barabic.final.oc

