=LDR  05972cas a2201249 a 4500
=001  013307371
=003  Uk
=005  20220930142702.0
=006  m\\\\\o\\d\\\\\\\\
=007  cr\|||||||||||
=008  070115c19869999enkqr\pso\\\\\0\\\a0eng\c
=015  \\$aGBB404777$2bnb
=022  0\$a1749-4192$202
=035  \\$a(SFX)991042747075006
=035  \\$a(StEdU)2105583
=037  \\$aPPA$bSage (UK) Ltd
=038  \\$aOCoLC
=040  \\$aOH1$beng$cOH1$dOCoLC$dCaQMU$dDLC$dNSDP$dCLU$dNSDP$dOCoLC$dViRCU$dDLC$dOCoLC$dUk
=042  \\$aissnuk$aukblsr$ansdp
=043  \\$ae-uk---
=082  04$a350$223
=130  0\$aPublic policy and administration (Online)
=210  0\$aPublic policy adm.$b(Online)
=222  \0$aPublic policy and administration$b(Online)
=245  10$aPublic policy and administration$h[electronic resource].
=246  13$aPPA,$f<2008->
=260  \\$aLondon :$bPublic Administration Committee, Joint University Council,$c1986-
=260  3\$32007-$aLondon :$bSage
=310  \\$aQuarterly,$b1996-
=321  \\$aThree no. a year,$b1986-1995
=336  \\$atext$2rdacontent
=337  \\$acomputer$2rdamedia
=338  \\$aonline resource$2rdacarrier
=362  1\$aPrint began with vol. 1, no. 1 (spring 1986).
=540  \\$aCurrent copyright fee: GBP32.82$c19\0$5Uk
=550  \\$aIssued: the UK Joint University Council (JUC) Public Administration Committee (PAC).
=588  \\$aDescription based on: Vol. 14, issue 1 (Jan. 1999); title from journal information screen (OhioLINK, viewed Jan. 5, 2007).
=588  \\$aLatest issue consulted: volume 29, number 1 (January 2014) (SAGE journals, viewed January 10, 2014).
=650  \0$aPolicy sciences$vPeriodicals.
=650  \0$aPublic administration$vPeriodicals.
=651  \0$aGreat Britain$xPolitics and government$vPeriodicals.
=710  2\$aJoint University Council for Social and Public Administration.$bPublic Administration Committee.
=776  08$iAlso issued in print as:$tPublic policy and administration$x0952-0767
=852  41$aBritish Library$bHMNTS$jELD Digital store$3Volume 28:Number 1(2013)-***Previous issues available in print copy
=856  \\$31850-9999$uhttp://www.uk.sagepub.com/home.nav$xBLDSS
=856  40$uhttp://ppa.sagepub.com/
=859  \\$aELD$bejournal
=945  \\$aPublic policy and administration.
=979  \\$aBritish Library$bDSC$j6968.309000
=ACF  \\$aPrevious copyright fee: GBP19.39$c19\0$e04-oct-2012$fGBP19.39$g0$hP$5Uk
=ACF  \\$aPrevious copyright fee: GBP20.00$c19\0$e01-jan-2013$fGBP20.00$g0$hP$5Uk
=ACF  \\$aPrevious copyright fee: GBP20.64$c19\0$e01-jul-2013$fGBP20.64$g0$hP$5Uk
=ACF  \\$aPrevious copyright fee: GBP20.00$c19\0$e01-jan-2014$fGBP20.00$g0$hP$5Uk
=ACF  \\$aPrevious copyright fee: GBP19.39$c19\0$e01-jul-2014$fGBP19.39$g0$hP$5Uk
=ACF  \\$aPrevious copyright fee: GBP20.65$c19\0$e01-apr-2015$fGBP20.65$g0$hP$5Uk
=ACF  \\$aPrevious copyright fee: GBP21.33$c19\0$e01-jul-2015$fGBP21.33$g0$hP$5Uk
=ACF  \\$aPrevious copyright fee: GBP20.65$c19\0$e01-oct-2015$fGBP20.65$g0$hP$5Uk
=ACF  \\$aPrevious copyright fee: GBP24.83$c19\0$e01-apr-2016$fGBP24.83$g0$hP$5Uk
=ACF  \\$aPrevious copyright fee: GBP26.67$c19\0$e01-oct-2016$fGBP26.67$g0$hP$5Uk
=ACF  \\$aPrevious copyright fee: GBP28.80$c19\0$e01-apr-2017$fGBP28.80$g0$hP$5Uk
=ACF  \\$aPrevious copyright fee: GBP27.69$c19\0$e01-oct-2017$fGBP27.69$g0$hP$5Uk
=ACF  \\$aPrevious copyright fee: GBP25.71$c19\0$e01-apr-2018$fGBP25.71$g0$hP$5Uk
=ACF  \\$aPrevious copyright fee: GBP27.69$c19\0$e01-oct-2018$fGBP27.69$g0$hP$5Uk
=ACF  \\$aPrevious copyright fee: GBP29.08$c19\0$e01-jul-2019$fGBP29.08$g0$hP$5Uk
=ACF  \\$aPrevious copyright fee: GBP30.24$c19\0$e01-oct-2019$fGBP30.24$g0$hP$5Uk
=ACF  \\$aPrevious copyright fee: GBP30.29$c19\0$e01-apr-2020$fGBP30.29$g0$hP$5Uk
=ACF  \\$aPrevious copyright fee: GBP31.50$c19\0$e01-jul-2020$fGBP31.50$g0$hP$5Uk
=ACF  \\$aPrevious copyright fee: GBP29.17$c19\0$e01-apr-2021$fGBP29.17$g0$hP$5Uk
=ACF  \\$aPrevious copyright fee: GBP28.13$c19\0$e07-jul-2021$fGBP28.13$g0$hP$5Uk
=CAT  \\$a11313$b40$c20051005$lBLL01$h1247
=CAT  \\$a5552$b40$c20170224$lBLL01$h1356
=CAT  \\$aIPL-CLA$c20170331$lBLL01$h1846
=CAT  \\$aBATCH-UPD$b00$c20170904$lBLL01$h1833
=CAT  \\$aIPL-CLA$c20170929$lBLL01$h1731
=CAT  \\$aW1711-1005$c20171206$lBLL01$h1817
=CAT  \\$aBATCH-UPD$b00$c20180223$lBLL01$h1650
=CAT  \\$aIPL-CLA$c20180331$lBLL01$h1622
=CAT  \\$aBATCH-UPD$b00$c20180823$lBLL01$h1934
=CAT  \\$aIPL-CLA$c20180930$lBLL01$h1503
=CAT  \\$aBATCH-UPD$b00$c20190521$lBLL01$h1407
=CAT  \\$aIPL-CLA$c20190630$lBLL01$h1535
=CAT  \\$aBATCH-UPD$b00$c20190829$lBLL01$h1515
=CAT  \\$aIPL-CLA$c20190930$lBLL01$h1639
=CAT  \\$aBATCH-UPD$b00$c20200219$lBLL01$h1508
=CAT  \\$aIPL-CLA$c20200331$lBLL01$h1615
=CAT  \\$aBATCH-UPD$b00$c20200522$lBLL01$h1446
=CAT  \\$aIPL-CLA$c20200701$lBLL01$h0057
=CAT  \\$aBATCH-UPD$b00$c20210226$lBLL01$h1027
=CAT  \\$aIPL-CLA$c20210331$lBLL01$h1700
=CAT  \\$aBATCH-UPD$b00$c20210707$lBLL01$h1551
=CAT  \\$aIPL-CLA$c20210707$lBLL01$h1843
=CAT  \\$aBATCH-UPD$b00$c20220520$lBLL01$h1638
=CAT  \\$aIPL-CLA$c20220630$lBLL01$h1537
=CAT  \\$aBATCH-UPD$b00$c20220824$lBLL01$h0904
=CAT  \\$aIPL-CLA$c20220930$lBLL01$h1427
=CFI  0\$aCurrent copyright fee: GBP32.82$c19\0$e01-oct-2022$fGBP32.82$g0$hP$5Uk
=CFI  2\$aPrevious copyright fee: GBP31.50$c19\0$e01-jul-2022$fGBP31.50$g0$hP$5Uk
=FFP  \\$aY$bBLDSS-3PM
=FIN  \\$aY$d20070727
=FMT  \\$a  SE
=LAS  \\$aIPL-CLA$b00$c20220930$lBLL01$h1427
=LKR  \\$aPAR$b011815844$lBLL01$nPublic policy and administration (Print)$mPublic policy and administration (Online)$r776
=MNI  \\$a0952-0767
=SID  \\$aZ39$bRLUK
=TCO  \\$aCLA$bCLA$c008
=TOC  \\$aETOC
=UNO  \\$aY

