=LDR  06373cas a2201297 a 4500
=001  013308661
=003  Uk
=005  20230718133506.0
=006  m\\\\\\\\d\\\\\\\\
=007  cr||||||||||||
=008  040212c20049999ch\mr\j\s\\\\\0\\\a0eng\d
=010  \\$a2007252800
=015  \\$aGBB094705$2bnb
=022  0\$a1745-7270$y1672-9145$y0582-9879
=030  \\$zSHWPAU
=035  \\$a(OCoLC)60463441
=035  \\$a(SFX)2007252800$z(SFX)1000000000214481
=037  \\$aabbs$bOxford University Press
=037  3\$aISSN_16729145$bPortico$nOxford University Press
=040  \\$aQCL$cQCL$dDLC$dVRC$dWAU$dGUA$dUk
=042  \\$aukblsr
=050  14$aQH301
=060  00$aW1$bSH287P
=082  04$a572.05$222
=130  0\$aActa biochimica et biophysica Sinica (Online)
=210  0\$aActa biochim. biophys. Sin.$b(Online)
=222  \0$aActa biochimica et biophysica Sinica$b(Online)
=245  10$aActa biochimica et biophysica Sinica$h[electronic resource].
=246  1\$iCalled also:$aABBS
=260  \\$aShanghai :$bShanghai Scientific and Technical Publishers
=260  2\$a[Shanghai] :$bBlackwell
=260  2\$a[Oxford] :$bOxford Journals
=264  31$aShanghai :$bEditorial Office of Acta Biochimica et Biophysica Sinica
=300  \\$av. :$bill.
=310  \\$aMonthly
=336  \\$atext$2rdacontent
=337  \\$acomputer$2rdamedia
=338  \\$aonline resource$2rdacarrier
=362  1\$aPrint began with: Vol. 36, no. 1 (Jan. 2004).
=500  \\$aDescription based on: Vol. 37, issue 1 (Jan. 2005); title from table of contents screen (Blackwell-Synergy, viewed Aug. 30, 2007).
=500  \\$aLatest issue consulted: Volume 55, issue 6 (2023).
=538  \\$aMode of access: World Wide Web.
=540  \\$aCurrent copyright fee: GBP22.00$c29\0$5Uk
=550  \\$aSponsored by: Institute of Biochemistry and Cell Biology, Shanghai Institutes for Biological Sciences, Chinese Academy of Sciences.
=650  \0$aBiochemistry$vPeriodicals.
=650  \0$aBiophysics$vPeriodicals.
=710  2\$aZhongguo ke xue yuan.$bShanghai sheng ming ke xue yan jiu yuan.$bSheng wu hua xue yu xi bao sheng wu xue yan jiu suo.
=776  08$iAlso issued in print as:$tActa biochimica et biophysica Sinica$x1672-9145
=780  00$tSheng wu hua xue yu sheng wu wu li xue bao (Online)
=852  41$aBritish Library$bHMNTS$jELD Digital store$3Volume 46:Number 1(2014:Jan.)-Volume 53:Number 12(2021)***Previous issues available in print copy
=852  \\$aBritish Library$bDSC$j0600.850000$3Volume 37:Issue 1(2005)-Volume 43:Issue 12(2011)***See ESTAR for full holdings.
=856  \\$31850-9999$uhttp://ukcatalogue.oup.com/$xBLDSS
=856  4\$uhttp://oxfordsfx-direct.hosted.exlibrisgroup.com/oxford?url%5Fver=Z39.88-2004&ctx%5Fver=Z39.88-2004&ctx%5Fenc=info:ofi/enc:UTF-8&rfr%5Fid=info:sid/sfxit.com:opac%5F856&url%5Fctx%5Ffmt=info:ofi/fmt:kev:mtx:ctx&sfx.ignore%5Fdate%5Fthreshold=1&rft.object%5Fid=1000000000214481&svc%5Fval%5Ffmt=info:ofi/fmt:kev:mtx:sch%5Fsvc&
=856  4\$uhttp://www.blackwellpublishing.com/journal.asp?ref=1672-9145&site=1$zLink no longer available
=856  40$uhttp://abbs.oxfordjournals.org/?code=abbs&.cgifields=code&homepage.x=80&homepage.y=13
=856  40$uhttp://www.abbs.info/$zIncludes issues of earlier title: Sheng wu hua xue yu sheng wu wu li xue bao (Online)
=856  40$uhttps://www.sciengine.com/ABBS/home
=859  \\$aELD$bejournal
=945  \\$aActa Biochimica et Biophysica Sinica -English edition-
=959  \\$fHeld but not currently received
=979  \\$aBritish Library$bDSC$j0600.850000
=985  \\$aResponsibility transferred from ISSN UK to ISSN China, July 18 2023.
=ACF  \\$aPrevious copyright fee: GBP15.00$c10\0$e07-oct-2005$fGBP15.00$g0$hP$5Uk
=ACF  \\$aPrevious copyright fee: GBP22.00$c10\0$e01-jan-2006$fGBP22.00$g0$hP$5Uk
=ACF  \\$aPrevious copyright fee: GBP18.00$c29\0$e01-jan-2009$fGBP18.00$g0$hP$5Uk
=ACF  \\$aPrevious copyright fee: GBP20.00$c29\0$e01-jan-2013$fGBP20.00$g0$hP$5Uk
=ACF  \\$aPrevious copyright fee: GBP23.00$c29\0$e01-jan-2015$fGBP23.00$g0$hP$5Uk
=ACF  \\$aPrevious copyright fee: GBP24.00$c29\0$e01-jan-2016$fGBP24.00$g0$hP$5Uk
=ACF  \\$aPrevious copyright fee: GBP26.00$c29\0$e01-jan-2017$fGBP26.00$g0$hP$5Uk
=ACF  \\$aPrevious copyright fee: GBP27.00$c29\0$e01-jan-2018$fGBP27.00$g0$hP$5Uk
=ACF  \\$aPrevious copyright fee: GBP28.00$c29\0$e01-jan-2019$fGBP28.00$g0$hP$5Uk
=CAT  \\$a7174$b40$c20051007$lBLL01$h1442
=CAT  \\$a10983$b40$c20131125$lBLL01$h1428
=CAT  \\$a5997$b40$c20140115$lBLL01$h1231
=CAT  \\$a11316$b40$c20140204$lBLL01$h0815
=CAT  \\$aBATCH-UPD$b40$c20141124$lBLL01$h1810
=CAT  \\$aBLDSS-3PM$b00$c20141208$lBLL01$h1625
=CAT  \\$aIPL-CLA$c20141231$lBLL01$h1652
=CAT  \\$aWR15_124$c20150910$lBLL01$h1606
=CAT  \\$aBATCH-UPD$b00$c20151119$lBLL01$h1551
=CAT  \\$aIPL-CLA$c20151231$lBLL01$h1922
=CAT  \\$aBATCH-UPD$b00$c20160524$lBLL01$h2210
=CAT  \\$aBATCH-UPD$b00$c20160525$lBLL01$h0022
=CAT  \\$aBATCH-UPD$b00$c20161122$lBLL01$h1520
=CAT  \\$aIPL-CLA$c20161230$lBLL01$h2146
=CAT  \\$aBATCH-UPD$b00$c20171121$lBLL01$h1703
=CAT  \\$aW1711-1005$c20171206$lBLL01$h1817
=CAT  \\$aIPL-CLA$c20171231$lBLL01$h1647
=CAT  \\$aBATCH-UPD$b00$c20181217$lBLL01$h1652
=CAT  \\$aIPL-CLA$c20181231$lBLL01$h1542
=CAT  \\$aW1910-0530$c20191007$lBLL01$h1114
=CAT  \\$aR1911-1518$c20191206$lBLL01$h1419
=CAT  \\$aIPL-CLA$c20191231$lBLL01$h1935
=CAT  \\$aBATCH-UPD$b00$c20220308$lBLL01$h1734
=CAT  \\$aIPL-CLA$c20220331$lBLL01$h1952
=CAT  \\$a5410$b40$c20221112$lBLL01$h1614
=CAT  \\$aBATCH-SUPP$c20230426$lBLL01$h1108
=CAT  \\$a11313$b40$c20230718$lBLL01$h1335
=CFI  0\$aCurrent copyright fee: GBP22.00$c29\0$e01-apr-2022$fGBP22.00$g0$hP$5Uk
=CFI  2\$aPrevious Copyright Fee: GBP20.00$c29\0$e01-jan-2020$fGBP20.00$g0$hP$5Uk
=EST  \\$a1
=FFP  \\$aY$bBLDSS-3PM
=FIN  \\$aY$d20100810
=FMT  \\$a  SE
=LAS  \\$a11313$b40$c20230718$lBLL01$h1335
=LKR  \\$aPAR$b013444244$lBLL01$r776$mActa biochimica et biophysica Sinica (Online)$nActa biochimica et biophysica Sinica (Print)
=MNI  \\$a1672-9145
=SID  \\$aZ39$bOXFORD$c(OCoLC)60463441
=TCO  \\$aCLA$bCLA$c008
=TOC  \\$aETOC
=UNO  \\$aY

