=LDR  04644cas a2201129 a 4500
=001  013359309
=003  Uk
=005  20230511162906.0
=006  m\\\\\\\\d\\\\\\\\
=007  cr\|n|||||||||
=008  050822d19912009enkmr\pss\\\\\0\\\a0eng\d
=010  \\$a93658629$zsn 92025294
=022  0\$a1745-5391
=035  \\$a(OCoLC)24841119
=035  \\$a(SFX)93658629$z(SFX)954925584232
=040  \\$aUkOxU$dUk
=042  \\$aukblsr$ansdp
=043  \\$aa-cc---
=050  \4$aQ72$b.P76
=050  00$aQ72$b.P76
=082  04$a500$222
=130  0\$aProgress in natural science (Online)
=210  0\$aProg. nat. sci.
=222  \0$aProgress in natural science$b(Online)
=245  10$aProgress in natural science$h[electronic resource].
=260  \\$aBeijing :$bScience in China Press,$c1991-2009.
=260  2\$aAbingdon :$bTaylor & Francis
=260  3\$a[Amsterdam] :$bElsevier
=300  \\$av. :$bill. ;$c26-30 cm.
=310  \\$aMonthly,$b<2000->
=321  \\$aBimonthly,$b1991-
=336  \\$atext$2rdacontent
=337  \\$acomputer$2rdamedia
=338  \\$aonline resource$2rdacarrier
=362  1\$aPrint began with v. 1, no. 1 (Feb. 1991).
=362  1\$aCeased with v. 19, issue 12 (Dec. 2009).
=538  \\$aMode of access: World Wide Web.
=540  \\$aCurrent copyright fee: zero$c5\1$5Uk
=550  \\$a"Communication of state key laboratories of China."
=550  \\$aIssued by: National Natural Science Foundation of China.
=650  \0$aScience$zChina$vPeriodicals.
=650  \0$aResearch$zChina$vPeriodicals.
=710  2\$aGuo jia zi ran ke xue ji jin wei yuan hui (China)
=776  1\$tProgress in natural science$x1002-0071
=785  00$tProgress in natural science. Materials international.
=852  41$aBritish Library$bDSC$j6870.260000$3Volume 16:Issue 1(2006)-Volume 19:Issue 12(2009)***See ESTAR for full holdings.
=856  \\$31850-9999$uhttp://www.elsevier.com/journals$xBLDSS
=856  40$uhttp://www.sciencedirect.com/science/journal/10020071
=945  \\$aPROGRESS IN NATURAL SCIENCE
=959  \\$fHeld but not currently received
=985  \\$aCorrected by BSS-generated file for WR# 10/166
=985  \\$aISSN responsibility transferred to ISSN Netherlands Centre. Change made globally by ISSN International Centre in connection with Elsevier serials - Jan. 2009.
=ACF  \\$aPrevious copyright fee: GBP21.00$c5\1$e01-jan-2012$fGBP21.00$g0$hP$5Uk
=ACF  \\$aPrevious copyright fee: GBP19.00$c5\1$e17-nov-2008$fGBP19.00$g0$hP$5Uk
=ACF  \\$aCurrent copyright fee: GBP15.00$c2\0$e01-apr-2008$fGBP15.00$g0$hP$5Uk
=ACF  \\$aPrevious copyright fee: GBP16.00$c2\0$e01-jan-2007$fGBP16.00$g0$hP$5Uk
=ACF  \\$aPrevious copyright fee: GBP13.00$c2\0$e01-jan-2005$fGBP13.00$g0$hP$5Uk
=ACF  \\$aPrevious copyright fee: GBP20.00$c5\1$e01-jan-2009$fGBP20.00$g0$hP$5Uk
=CAT  \\$a11281$b40$c20051213$lBLL01$h1310
=CAT  \\$aBATCH$b00$c20080330$lBLL01$h2305
=CAT  \\$a5552$b40$c20081117$lBLL01$h0912
=CAT  \\$aBATCH-UPD$b40$c20081119$lBLL01$h1600
=CAT  \\$aBATCH-UPD$b40$c20081231$lBLL01$h2322
=CAT  \\$aBATCH-UPD$b40$c20090101$lBLL01$h0054
=CAT  \\$aBATCH$b00$c20090101$lBLL01$h0230
=CAT  \\$a5997$b40$c20090813$lBLL01$h0832
=CAT  \\$a5997$b40$c20090819$lBLL01$h1420
=CAT  \\$aISSN$b40$c20090925$lBLL01$h1530
=CAT  \\$a8464$b40$c20100420$lBLL01$h1054
=CAT  \\$a7792$b40$c20100730$lBLL01$h1203
=CAT  \\$a8323$b40$c20101026$lBLL01$h1416
=CAT  \\$a8323$b40$c20101026$lBLL01$h1417
=CAT  \\$aBLSS-CORR$b00$c20101119$lBLL01$h1723
=CAT  \\$aBATCH-UPD$b00$c20111123$lBLL01$h1853
=CAT  \\$aIPL-CLA$c20111230$lBLL01$h2023
=CAT  \\$aBATCH-CLA$b00$c20121109$lBLL01$h1728
=CAT  \\$aBATCH-UPD$b00$c20121121$lBLL01$h1657
=CAT  \\$aWR12_168$c20121206$lBLL01$h1816
=CAT  \\$aIPL-CLA$c20121231$lBLL01$h1318
=CAT  \\$aIPL-CLA$c20130102$lBLL01$h1742
=CAT  \\$aBLDSS-3PM$b00$c20141222$lBLL01$h1715
=CAT  \\$a5552$b40$c20160505$lBLL01$h1421
=CAT  \\$aBATCH-UPD$b40$c20170304$lBLL01$h1209
=CAT  \\$a11315$b40$c20210505$lBLL01$h1518
=CAT  \\$aBATCH-FIX$c20230511$lBLL01$h1629
=CFI  0\$aCurrent copyright fee: zero$c5\1$e05-may-2016$fGBP0.00$g0$hP$5Uk
=CFI  2\$aPrevious copyright fee: GBP22.50$c5\1$e01-jan-2013$fGBP22.50$g0$hP$5Uk
=EST  \\$a1
=FFP  \\$aY$bBLDSS-3PM
=FIN  \\$aY$d20051213
=FMT  \\$a  SE
=LAS  \\$aBATCH-FIX$b00$c20230511$lBLL01$h1629
=MNI  \\$a1002-0071
=SID  \\$aZ39$bOCLC
=SID  \\$aZ39$bOXFORD$c(OCoLC)24841119
=TCO  \\$aCLA$bCLA$c008
=TOC  \\$aETOC

