=LDR  05313cas a2201201 a 4500
=001  013943472
=003  Uk
=005  20230426110917.0
=006  m\\\\\o\\d\\\\\\\\
=007  cr\|||||||||||
=008  020923c20029999enkbr\pso\\\\\0\\\a0eng\c
=015  \\$aGBB411523$2bnb
=022  0\$a1557-7023$l1540-7063$y1540-7063$21
=035  \\$a(SFX)111034022289018
=035  \\$a(StEdU)2102831
=037  \\$aicb$bOxford University Press
=037  3\$aISSN_15407063_4$bPortico$nOxford University Press
=038  \\$aOCoLC
=040  \\$aBIK$beng$cBIK$dOCoLC$dDLC$dOCoLC$dNPlaU$dOCoLC$dCaQMU$dNSDP$dCaQMM$dOCoLC$dWaChenE$dOCoLC$dUk
=042  \\$aukblsr
=082  04$a590.5$223
=130  0\$aIntegrative and comparative biology (Online)
=222  \0$aIntegrative and comparative biology$b(Online)
=245  10$aIntegrative and comparative biology$h[electronic resource].
=246  3\$aIntegrative & comparative biology
=246  13$aICB
=260  \\$a[McLean, Va.] :$bSociety for Integrative and Comparative Biology,$c2002-
=264  31$aOxford :$bOxford University Press
=310  \\$aBimonthly
=336  \\$atext$2rdacontent
=337  \\$acomputer$2rdamedia
=338  \\$aonline resource$2rdacarrier
=362  0\$aVol. 42, no. 1 (Feb. 2002)-
=500  \\$aTitle from BioOne journal issue web page (viewed Sept. 23, 2002).
=540  \\$aCurrent Copyright Fee: GBP33.00$c29\0$5Uk
=550  \\$a"Published on behalf of The Society for Integrative and Comparative Biology."
=580  \\$aIncludes issues of earlier title: American zoologist.
=588  \\$aLatest issue consulted: volume 53, number 6 (December 2013) (Oxford journals, viewed January 30, 2014).
=650  \0$aZoology$vPeriodicals.
=650  \0$aBiology$vPeriodicals.
=650  \0$aPhysiology, Comparative$vPeriodicals.
=710  2\$aSociety for Integrative and Comparative Biology.
=776  08$iAlso issued in print as:$tIntegrative and comparative biology$x1540-7063
=780  10$tAmerican zoologist (Online)
=852  41$aBritish Library$bDSC$j4531.816565$3Volume 43:Issue 6(2003)-Volume 51:Issue 6(2011)***See ESTAR for full holdings.
=852  41$aBritish Library$bHMNTS$jELD Digital store$3Volume 54:Number 1(2014:Jul.)-***Previous issues available in print copy
=856  \\$31850-9999$uhttp://ukcatalogue.oup.com/$xBLDSS
=856  40$uhttp://icb.oxfordjournals.org/
=859  \\$aXLD$bejournal$cSFX
=859  \\$aELD$bejournal
=945  \\$aIntegrative and comparative biology
=959  \\$fCurrently available
=979  \\$aBritish Library$bDSC$j4531.816565
=985  \\$aCONFERENCE ANALYTIC RECORDS EXIST
=ACF  \\$aPrevious Copyright Fee: GBP16.00$c29\0$e13-sep-2007$fGBP16.00$g0$hP$5Uk
=ACF  \\$aPrevious copyright fee: GBP18.00$c29\0$e01-jan-2008$fGBP18.00$g0$hP$5Uk
=ACF  \\$aPrevious copyright fee: GBP20.00$c29\0$e01-jan-2013$fGBP20.00$g0$hP$5Uk
=ACF  \\$aPrevious copyright fee: GBP23.00$c29\0$e01-jan-2015$fGBP23.00$g0$hP$5Uk
=ACF  \\$aPrevious copyright fee: GBP24.00$c29\0$e01-jan-2016$fGBP24.00$g0$hP$5Uk
=ACF  \\$aPrevious copyright fee: GBP26.00$c29\0$e01-jan-2017$fGBP26.00$g0$hP$5Uk
=ACF  \\$aPrevious copyright fee: GBP27.00$c29\0$e01-jan-2018$fGBP27.00$g0$hP$5Uk
=ACF  \\$aPrevious copyright fee: GBP28.00$c29\0$e01-jan-2019$fGBP28.00$g0$hP$5Uk
=ACF  \\$aPrevious Copyright Fee: GBP20.00$c29\0$e01-jan-2020$fGBP20.00$g0$hP$5Uk
=CAT  \\$a7174$b40$c20070913$lBLL01$h1541
=CAT  \\$aBATCH-UPD$b00$c20141124$lBLL01$h1811
=CAT  \\$aBLDSS-3PM$b00$c20141208$lBLL01$h1626
=CAT  \\$aIPL-CLA$c20141231$lBLL01$h1656
=CAT  \\$aBATCH-UPD$b00$c20151119$lBLL01$h1551
=CAT  \\$aIPL-CLA$c20151231$lBLL01$h1926
=CAT  \\$aBATCH-UPD$b00$c20160524$lBLL01$h2211
=CAT  \\$aBATCH-UPD$b00$c20160525$lBLL01$h0029
=CAT  \\$aBATCH-UPD$b00$c20161122$lBLL01$h1521
=CAT  \\$aIPL-CLA$c20161230$lBLL01$h2227
=CAT  \\$aBATCH-UPD$b00$c20171121$lBLL01$h1704
=CAT  \\$aW1711-1005$c20171206$lBLL01$h1820
=CAT  \\$aIPL-CLA$c20171231$lBLL01$h1713
=CAT  \\$aBATCH-UPD$b00$c20181217$lBLL01$h1652
=CAT  \\$aIPL-CLA$c20181231$lBLL01$h1546
=CAT  \\$aW1910-0530$c20191007$lBLL01$h1114
=CAT  \\$aR1911-1518$c20191206$lBLL01$h1419
=CAT  \\$aIPL-CLA$c20191231$lBLL01$h1950
=CAT  \\$aBATCH-UPD$b00$c20220308$lBLL01$h1735
=CAT  \\$aIPL-CLA$c20220331$lBLL01$h1952
=CAT  \\$a12654$b40$c20230201$lBLL01$h1126
=CAT  \\$aS2302-1302$c20230322$lBLL01$h1708
=CAT  \\$aS2302-1302$c20230323$lBLL01$h1443
=CAT  \\$aIPL-CLA$c20230331$lBLL01$h1547
=CAT  \\$aS2304-0519$c20230412$lBLL01$h1139
=CAT  \\$aBATCH-SUPP$c20230426$lBLL01$h1109
=CFI  0\$aCurrent Copyright Fee: GBP33.00$c29\0$e01-apr-2023$fGBP33.00$g0$hP$5Uk
=CFI  2\$aPrevious copyright fee: GBP22.00$c29\0$e01-apr-2022$fGBP22.00$g0$hP$5Uk
=EST  \\$a1
=FFP  \\$aY$bBLDSS-3PM
=FIN  \\$aY$d20140130
=FMT  \\$a  SE
=LAS  \\$aBATCH-SUPP$b00$c20230426$lBLL01$h1109
=LKR  \\$aPAR$b009854416$lBLL01$nIntegrative and comparative biology (Print)$mIntegrative and comparative biology (Online)$r776
=MNI  \\$a1540-7063
=SID  \\$aZ39$bRLUK
=TCO  \\$aTRS$bCCC$c008
=TCO  \\$aCLA$bCLA$c008
=TOC  \\$aETOC
=UNO  \\$aY

