=LDR  06173cas a2201261 a 4500
=001  014649383
=003  Uk
=005  20220930142746.0
=006  m\\\\\o\\d\\\\\\\\
=007  cr\|||||||||||
=008  980924c19909999enkmr\pso\\\\\0\\\a0eng\c
=015  \\$aGBB3B9400$2bnb
=022  0\$a1758-1052$202
=035  \\$a(SFX)954925255162
=035  \\$a(StEdU)2087750
=037  \\$aSTD$bSage (UK) Ltd
=038  \\$aOCoLC
=040  \\$aOCoLC$beng$cOCoLC$dOCoLC$dMdU$dCaQMU$dOCoLC$dOCLCO$dOCoLC$dUk
=042  \\$aissnuk$aukblsr
=082  04$a616.951$223
=130  0\$aInternational journal of STD & AIDS (Online)
=210  0\$aInt. j. STD AIDS$b(Online)
=222  \0$aInternational journal of STD & AIDS$b(Online)
=245  10$aInternational journal of STD & AIDS$h[electronic resource].
=246  3\$aInternational journal of sexually transmitted diseases and acquired immunodeficiency syndrome
=260  \\$aLondon :$bRSM Press,$c1990-
=264  31$a[London] :$bSAGE Publications
=310  \\$aMonthly,$b1997-
=321  \\$aBimonthly,$b1990-1996
=336  \\$atext$2rdacontent
=337  \\$acomputer$2rdamedia
=338  \\$aonline resource$2rdacarrier
=362  1\$aPrint began with vol. 1, no. 1 (Jan. 1990).
=525  \\$aHas supplements.
=540  \\$aCurrent copyright fee: GBP36.32$c19\0$5Uk
=550  \\$aOfficial journal of the Association for Genito-Urinary Medicine, <Sept. 23, 1998->; the International Union against Sexually Transmitted Infections, <Sept. 23, 1998->; and: British Association for Sexual Health and HIV, <Sept. 9, 2008->.
=588  \\$aDescription based on: Vol. 7, no. 6 (1996); title from journal information screen (viewed Sept. 23, 1998).
=588  \\$aLatest issue consulted: volume 25, number 1 (January 2014) (SAGE journals, viewed December 30, 2013).
=650  \0$aSexually transmitted diseases$vPeriodicals.
=650  \0$aAIDS (Disease)$vPeriodicals.
=710  2\$aAssociation for Genito-Urinary Medicine.
=710  2\$aBritish Association for Sexual Health and HIV.
=710  2\$aInternational Union against Sexually Transmitted Infections.
=776  08$iAlso issued in print as:$tInternational journal of STD & AIDS$x0956-4624
=852  41$aBritish Library$bHMNTS$jELD Digital store$3Volume 13:Number 1(2002:Jan.)-***Previous issues available in print copy
=856  \\$31850-9999$uhttp://www.uk.sagepub.com/home.nav$xBLDSS
=856  40$uhttp://std.sagepub.com/
=859  \\$aELD$bejournal
=945  \\$aInternational journal of STD and AIDS.
=979  \\$aBritish Library$bDSC$j4542.681350
=ACF  \\$aPrevious copyright fee: GBP20.00$c19\0$e12-mar-2013$fGBP20.00$g0$hP$5Uk
=ACF  \\$aPrevious copyright fee: GBP20.64$c19\0$e01-jul-2013$fGBP20.64$g0$hP$5Uk
=ACF  \\$aPrevious copyright fee: GBP20.00$c19\0$e01-jan-2014$fGBP20.00$g0$hP$5Uk
=ACF  \\$aPrevious copyright fee: GBP19.39$c19\0$e01-jul-2014$fGBP19.39$g0$hP$5Uk
=ACF  \\$aPrevious copyright fee: GBP20.65$c19\0$e01-apr-2015$fGBP20.65$g0$hP$5Uk
=ACF  \\$aPrevious copyright fee: GBP21.33$c19\0$e01-jul-2015$fGBP21.33$g0$hP$5Uk
=ACF  \\$aPrevious copyright fee: GBP20.65$c19\0$e01-oct-2015$fGBP20.65$g0$hP$5Uk
=ACF  \\$aPrevious copyright fee: GBP24.83$c19\0$e01-apr-2016$fGBP24.83$g0$hP$5Uk
=ACF  \\$aPrevious copyright fee: GBP26.67$c19\0$e01-oct-2016$fGBP26.67$g0$hP$5Uk
=ACF  \\$aPrevious copyright fee: GBP27.69$c19\0$e01-oct-2017$fGBP27.69$g0$hP$5Uk
=ACF  \\$aPrevious copyright fee: GBP28.80$c19\0$e01-apr-2017$fGBP28.80$g0$hP$5Uk
=ACF  \\$aPrevious copyright fee: GBP30.77$c19\0$e15-feb-2018$fGBP30.77$g0$hP$5Uk
=ACF  \\$aPrevious copyright fee: GBP28.57$c19\0$e01-apr-2018$fGBP28.57$g0$hP$5Uk
=ACF  \\$aPrevious copyright fee: GBP30.77$c19\0$e01-oct-2018$fGBP30.77$g0$hP$5Uk
=ACF  \\$aPrevious copyright fee: GBP32.31$c19\0$e01-jul-2019$fGBP32.31$g0$hP$5Uk
=ACF  \\$aPrevious copyright fee: GBP33.60$c19\0$e01-oct-2019$fGBP33.60$g0$hP$5Uk
=ACF  \\$aPrevious copyright fee: GBP33.52$c19\0$e01-apr-2020$fGBP33.52$g0$hP$5Uk
=ACF  \\$aPrevious copyright fee: GBP34.86$c19\0$e01-jul-2020$fGBP34.86$g0$hP$5Uk
=ACF  \\$aPrevious copyright fee: GBP32.28$c19\0$e01-apr-2021$fGBP32.28$g0$hP$5Uk
=ACF  \\$aPrevious copyright fee: GBP31.13$c19\0$e07-jul-2021$fGBP31.13$g0$hP$5Uk
=CAT  \\$a6537$b40$c20080619$lBLL01$h1249
=CAT  \\$a5552$b40$c20170503$lBLL01$h1154
=CAT  \\$aBATCH-UPD$b40$c20170904$lBLL01$h1833
=CAT  \\$aIPL-CLA$c20170929$lBLL01$h1745
=CAT  \\$aW1711-1005$c20171206$lBLL01$h1821
=CAT  \\$a5552$b40$c20180215$lBLL01$h0850
=CAT  \\$aBATCH-UPD$b40$c20180223$lBLL01$h1654
=CAT  \\$aIPL-CLA$c20180331$lBLL01$h1638
=CAT  \\$aBATCH-UPD$b00$c20180823$lBLL01$h1929
=CAT  \\$aIPL-CLA$c20180930$lBLL01$h1509
=CAT  \\$aBATCH-UPD$b00$c20190521$lBLL01$h1411
=CAT  \\$aIPL-CLA$c20190630$lBLL01$h1541
=CAT  \\$aBATCH-UPD$b00$c20190829$lBLL01$h1528
=CAT  \\$aIPL-CLA$c20190930$lBLL01$h1644
=CAT  \\$aBATCH-UPD$b00$c20200219$lBLL01$h1515
=CAT  \\$aIPL-CLA$c20200331$lBLL01$h1621
=CAT  \\$aBATCH-UPD$b00$c20200522$lBLL01$h1458
=CAT  \\$aIPL-CLA$c20200701$lBLL01$h0104
=CAT  \\$aBATCH-UPD$b00$c20210226$lBLL01$h1038
=CAT  \\$aIPL-CLA$c20210331$lBLL01$h1701
=CAT  \\$aBATCH-UPD$b00$c20210707$lBLL01$h1602
=CAT  \\$aIPL-CLA$c20210707$lBLL01$h1843
=CAT  \\$aBATCH-UPD$b00$c20220520$lBLL01$h1634
=CAT  \\$aIPL-CLA$c20220630$lBLL01$h1538
=CAT  \\$aBATCH-UPD$b00$c20220824$lBLL01$h0900
=CAT  \\$aIPL-CLA$c20220930$lBLL01$h1427
=CFI  0\$aCurrent copyright fee: GBP36.32$c19\0$e01-oct-2022$fGBP36.32$g0$hP$5Uk
=CFI  2\$aPrevious copyright fee: GBP34.86$c19\0$e01-jul-2022$fGBP34.86$g0$hP$5Uk
=FFP  \\$aY$bBLDSS-3PM
=FIN  \\$aY$d20080619
=FMT  \\$a  SE
=LAS  \\$aIPL-CLA$b00$c20220930$lBLL01$h1427
=LKR  \\$aPAR$b009858846$lBLL01$nInternational journal of STD & AIDS (Print)$mInternational journal of STD & AIDS (Online)$r776
=MNI  \\$a0956-4624
=SID  \\$aZ39$bRLUK
=TCO  \\$aCLA$bCLA$c008
=TOC  \\$aETOC
=UNO  \\$aY

