=LDR  04310cas a2200937 a 4500
=001  015730786
=003  Uk
=005  20230930081001.0
=006  m\\\\\\\\d\\\\\\\\
=007  cr\|n|||||||||
=008  070710d20072013enkbr\pss\\\\\0\\\a0eng\\
=010  \\$a2007213171
=015  \\$aGBB135517$2bnb
=022  \\$a1753-0067$y1753-0059
=035  \\$a(OCoLC)154202162
=035  \\$a(SFX)2007213171$z(SFX)1000000000292336
=037  \\$aISSN_17530059$bPortico$nInforma Healthcare
=040  \\$aUkOxU$dUk
=042  \\$aukblsr
=082  04$a616.07505$222
=130  0\$aExpert opinion on medical diagnostics (Online)
=222  \0$aExpert opinion on medical diagnostics$b(Online)
=245  10$aExpert opinion on medical diagnostics$h[electronic resource].
=260  \\$a[London] :$bInforma Healthcare
=310  \\$aBimonthly,$b2009-
=321  \\$aMonthly,$b2007-2008
=336  \\$atext$2rdacontent
=337  \\$acomputer$2rdamedia
=338  \\$aonline resource$2rdacarrier
=362  1\$aBegan with vol. 1, no. 1 (Sept. 2007) ; ceased with volume 7, no. 6 (November 2013).
=538  \\$aMode of access: World Wide Web.
=540  \\$aCurrent copyright fee: GBP66.00$c2\0$5Uk
=588  \\$aDescription based on first issue; title from thumbnail of cover (publisher's website viewed on Dec. 1, 2008).
=588  \\$aLatest issue consulted: volume 7, no. 6 (November 2013) (Informa Healthcare, viewed May 6, 2014).
=650  \0$aDiagnosis$vPeriodicals.
=776  08$iPublished also in print:$tExpert opinion on medical diagnostics$x1753-0059
=852  41$aBritish Library$bHMNTS$jELD Digital store$3Volume 7:Number 2(2013)-Volume 7:Number 6(2013)***Previous issues available in print copy
=852  \\$aBritish Library$bDSC$j3842.002954$3Volume 3:Issue 6(2009)-Volume 7:Issue 6(2013)***See ESTAR for full holdings.
=856  \\$31850-9999$uhttp://informahealthcare.com$xBLDSS
=856  4\$uhttp://oxfordsfx-direct.hosted.exlibrisgroup.com/oxford?url%5Fver=Z39.88-2004&ctx%5Fver=Z39.88-2004&ctx%5Fenc=info:ofi/enc:UTF-8&rfr%5Fid=info:sid/sfxit.com:opac%5F856&url%5Fctx%5Ffmt=info:ofi/fmt:kev:mtx:ctx&sfx.ignore%5Fdate%5Fthreshold=1&rft.object%5Fid=1000000000292336&svc%5Fval%5Ffmt=info:ofi/fmt:kev:mtx:sch%5Fsvc&
=856  40$uhttp://informahealthcare.com/loi/edg
=859  \\$aELD$bejournal
=945  \\$aExpert opinion on medical diagnostics
=959  \\$fHeld but not currently received
=ACF  \\$aPrevious copyright fee: GBP57.00$c45\0$e12-jan-2011$fGBP57.00$g0$hP$5Uk
=ACF  \\$aPrevious copyright fee: GBP62.00$c45\0$e01-jan-2018$fGBP62.00$g0$hP$5Uk
=CAT  \\$a12654$b40$c20110112$lBLL01$h1133
=CAT  \\$a8323$b40$c20110316$lBLL01$h1115
=CAT  \\$a8323$b40$c20110316$lBLL01$h1123
=CAT  \\$a8323$b40$c20110316$lBLL01$h1124
=CAT  \\$aBATCH-UPD$b40$c20121125$lBLL01$h1435
=CAT  \\$a8483$b40$c20130517$lBLL01$h1152
=CAT  \\$aWR13.114$c20130717$lBLL01$h1314
=CAT  \\$aBATCH-PORT$c20130829$lBLL01$h1113
=CAT  \\$aWR14_009$c20140204$lBLL01$h2347
=CAT  \\$a8055$b40$c20140319$lBLL01$h1151
=CAT  \\$a8483$b40$c20140506$lBLL01$h1301
=CAT  \\$aBLDSS-3PM$b00$c20141121$lBLL01$h1802
=CAT  \\$aWR15_124$c20150910$lBLL01$h1607
=CAT  \\$aBATCH-UPD$b00$c20160524$lBLL01$h2149
=CAT  \\$aBATCH-UPD$b00$c20160524$lBLL01$h2200
=CAT  \\$aBATCH-UPD$b00$c20171121$lBLL01$h1720
=CAT  \\$aW1711-1005$c20171206$lBLL01$h1823
=CAT  \\$aIPL-CLA$c20171231$lBLL01$h1805
=CAT  \\$a5552$b40$c20190111$lBLL01$h1250
=CAT  \\$aBATCH-FIX$c20230511$lBLL01$h1630
=CAT  \\$aR2308-1440$c20230824$lBLL01$h0930
=CAT  \\$aIPL-CLA$c20230930$lBLL01$h0810
=CFI  0\$aCurrent copyright fee: GBP66.00$c2\0$e01-oct-2023$fGBP66.00$g0$hP$5Uk
=CFI  2\$aPrevious copyright fee: GBP66.00$c45\0$e11-jan-2018$fGBP66.00$g0$hP$5Uk
=EST  \\$a1
=FFP  \\$aY$bBLDSS-3PM
=FIN  \\$aY$d20110316
=FMT  \\$a  SE
=LAS  \\$aIPL-CLA$b00$c20230930$lBLL01$h0810
=LET  \0$aExpert opinion on medical diagnostics (Electronic)
=LKR  \\$aPAR$b013593690$lBLL01$r776$mExpert opinion on medical diagnostics (Online)$nExpert opinion on medical diagnostics (Print)
=MNI  \\$a1753-0059
=SID  \\$aZ39$bOXFORD$c(OCoLC)154202162
=TCO  \\$aCLA$bCLA$c008
=TOC  \\$aETOC

