=LDR  02468cas a22006257a 4500
=001  015888342
=003  Uk
=005  20231025185458.0
=006  m\\\\\\\\d\\\\\\\\
=007  cr\n||
=008  081209c20039999coubr\pso\\\\\0\\\a0eng\\
=010  \\$a2010202482
=022  0\$a2157-8826
=035  \\$a(OCoLC)277241612
=035  \\$a(SFX)1000000000301632
=035  \\$a(SFX) 2010202482
=035  \\$a(WlCaUW)927888
=038  \\$aOCoLC
=040  \\$aUk$beng$cUk
=050  10$aISSN RECORD
=050  14$aHF1$b.J5987
=082  10$a658$214
=222  \0$aJournal of business case studies$b(Online)
=245  00$aJournal of business case studies$h[electronic resource].
=246  13$aJBCS
=260  \\$aLittleton, CO :$bClute Institute.
=310  \\$aBimonthly
=336  \\$atext$2rdacontent
=337  \\$acomputer$2rdamedia
=338  \\$aonline resource$2rdacarrier
=362  1\$aBegan with Vol. 1, no. 1 (Jan. 2003).
=538  \\$aMode of access: World Wide Web.
=588  \\$aDescription based on: Vol. 1, no. 1 (Jan. 2003); title from caption (JBCS website, viewed Apr. 26, 2011).
=588  \\$aLatest issue consulted: Vol. 16, no. 1 (2010).
=590  \\$aRoute ALL FAILED DSC requests to Records Team
=630  00$aBusiness case studies$vPeriodicals.
=650  \0$aManagement$vCase studies$vPeriodicals.
=655  \4$aElectronic journals
=710  2\$aClute Institute for Academic Research.
=776  1\$tJournal of business case studies$x1555-3353$w(DLC) 2005215413$w(OCoLC)58598568
=856  40$uhttp://metalib.cf.ac.uk/sfxlcl3?url%5Fver=Z39.88-2004&ctx%5Fver=Z39.88-2004&ctx%5Fenc=info:ofi/enc:UTF-8&rfr%5Fid=info:sid/sfxit.com:opac%5F856&url%5Fctx%5Ffmt=info:ofi/fmt:kev:mtx:ctx&sfx.ignore%5Fdate%5Fthreshold=1&rft.object%5Fid=1000000000301632&svc%5Fval%5Ffmt=info:ofi/fmt:kev:mtx:sch%5Fsvc&
=945  \\$aJournal of business case studies
=979  \\$aBritish Library$bDSC$j4954.664100N
=985  \\$aUpgraded by BSS-generated file for WR2308-1658
=CAT  \\$a9729$b40$c20110912$lBLL01$h1430
=CAT  \\$aBATCH-TCO$c20120117$lBLL01$h0040
=CAT  \\$aWR15_124$c20150910$lBLL01$h1607
=CAT  \\$a8874$b40$c20161214$lBLL01$h0954
=CAT  \\$aW1711-1225$c20171203$lBLL01$h1045
=CAT  \\$aW2308-1658$c20231025$lBLL01$h1904
=FMT  \\$a  SE
=LAS  \\$aW2308-1658$b00$c20231025$lBLL01$h1904
=SID  \\$aZ39$bRLUK
=STA  \\$aSUPPRESSED$bunable to determine reason for suppression
=TCO  \\$aTRS$bCCC$c008

