=LDR  02941 as a2200613 i 4500
=001  016088163
=003  Uk
=005  20140522095353.0
=006  m\\\\\\\\d\\\\\\\\
=007  cr\|||||||||||
=008  130319c19759999mauar\m\o\\\\\0\\\a0eng\\
=010  \\$a2013203061
=015  \\$aGBB440653$2bnb
=022  0\$a2050-411X
=035  \\$a(OCoLC)816499758
=035  \\$a(SFX)3390000000030002
=035  \\$a(SFX) 2013203061
=035  \\$a(WlCaUW)1021154
=037  \\$aISSN_2050411X$bPortico$nWiley
=037  \\$bJohn Wiley & Sons, Wiley Periodicals, Inc., Commerce Place, 350 Main Street, Malden, MA 02148
=038  \\$aOCoLC
=040  \\$aUk$beng$cUk$erda
=042  \\$aukblsr
=050  10$aISSN RECORD
=082  10$a304.8$223
=222  \0$aCenter for Migration Studies special issues
=245  00$aCenter for Migration Studies special issues.
=264  \1$a[Malden, MA] :$bJohn Wiley & Sons ;$aNew York :$bCenter for Migration Studies
=310  \\$aAnnual
=336  \\$atext$btxt$2rdacontent
=337  \\$acomputer$2rdamedia
=338  \\$aonline resource$2rdacarrier
=362  1\$aBegan in 1975?
=588  \\$aDescription based on: International migration and the global community : a forum on the report of the Global Commission on International Migration / edited by Joseph Chamie and Mary G. Powers, Volume 22, issue 1 (January 2009); title from contents page (onlinelibrary.wiley.com website, viewed July 24, 2013).
=588  \\$aLatest issue consulted: International migration and the global community : a forum on the report of the Global Commission on International Migration / edited by Joseph Chamie and Mary G. Powers (viewed July 24, 2013).
=690  7\$aSocial Welfare$2blcoll
=852  41$aBritish Library$bHMNTS$jELD Digital store$3Previous issues available in print copy***Content not received
=856  40$uhttp://elibrary.cf.ac.uk/sfx?url%5Fver=Z39.88-2004&ctx%5Fver=Z39.88-2004&ctx%5Fenc=info:ofi/enc:UTF-8&rfr%5Fid=info:sid/sfxit.com:opac%5F856&url%5Fctx%5Ffmt=info:ofi/fmt:kev:mtx:ctx&sfx.ignore%5Fdate%5Fthreshold=1&rft.object%5Fid=3390000000030002&svc%5Fval%5Ffmt=info:ofi/fmt:kev:mtx:sch%5Fsvc&
=856  40$uhttp://onlinelibrary.wiley.com/doi/10.1111/cms3.2004.19.issue-1/issuetoc
=859  \\$aELD$bejournal
=985  \\$aISSN responsibility transferred to the U.S. ISSN Center prior to completion (Wiley).
=CAT  \\$a11316$b40$c20120517$lBLL01$h0845
=CAT  \\$a10806$b40$c20130722$lBLL01$h0907
=CAT  \\$a8411$b40$c20140404$lBLL01$h0915
=CAT  \\$a5997$b40$c20140414$lBLL01$h1246
=CAT  \\$aBATCH-SWP$c20140425$lBLL01$h2256
=CAT  \\$a11315$b40$c20140522$lBLL01$h0953
=CAT  \\$aWR15_124$c20150910$lBLL01$h1607
=CAT  \\$aW1711-1005$c20171206$lBLL01$h1824
=FIN  \\$aY$d20140414
=FMT  \\$a  SE
=LAS  \\$aW1711-1005$b00$c20171206$lBLL01$h1824
=LET  \0$aCenter for Migration Studies special issues (Electronic)
=SID  \\$aZ39$bRLUK

