=LDR  02214 as a2200613 i 4500
=001  016169144
=003  Uk
=005  20151208142941.0
=006  m\\\\\\\\d\\\\\\\\
=007  cr\cn\||||||||
=008  110621c20019999rm\ar\\\s\\\\\0\\\b0rum\c
=022  \\$a1582-8433
=035  \\$a(OCoLC)732074525
=035  \\$a(SFX)1000000000784681
=035  \\$a(CONSER)--2011237538
=035  \\$a(UkNtU)001414188
=038  \\$aOCoLC
=040  \\$aUk$beng$cUk$dUk$erda
=041  0\$arum$aeng$afre$ager$beng
=042  \\$aukblsr
=222  \0$aStudia Universitatis Petru Maior
=245  00$aStudia Universitatis Petru Maior :$bHistoria.
=246  1\$aHistoria
=260  \\$aTîrgu-Mureș [România] :$bEditura Universității Petru Maior,$c2011-
=300  \\$avolumes :$billustrations (black and white) ;$c25 cm
=310  \\$aSemi-annual
=321  \\$aAnnual in 2011, semi-annual since 2012
=336  \\$atext$2rdacontent
=337  \\$acomputer$2rdamedia
=337  \\$aunmediated$2rdamedia
=338  \\$aonline resource$2rdacarrier
=338  \\$avolume$2rdacarrier
=362  1\$aBegan in 2001.
=500  \\$a2011-2014 issues in print.
=546  \\$aPapers in Romanian, English, French and German with summaries in English.
=588  \\$aDescription based on: 2(2014).
=650  \0$aHistoriography$zRomania$vPeriodicals.
=651  \0$aRomania$xHistory$vPeriodicals.
=651  \0$aEurope$xStudy and teaching$vPeriodicals.
=710  2\$aUniversitatea Petru Maior.
=852  41$aBritish Library$bHMNTS$jZF.9.a.9286
=856  40$uhttp://sfx.nottingham.ac.uk/sfx_local?genre=journal&sid=sfx:unloc&rft.object_id=1000000000784681$zGet via SFX
=886  2\$2ukmarc$a945$b00$aStudia Universitatis Petru Maior.$pHistoria$h[electronic resource].
=CAT  \\$a13151$b40$c20120912$lBLL01$h0941
=CAT  \\$a13151$b40$c20140620$lBLL01$h1715
=CAT  \\$a13151$b40$c20140620$lBLL01$h1721
=CAT  \\$a13151$b40$c20151208$lBLL01$h1010
=CAT  \\$a13151$b40$c20151208$lBLL01$h1011
=CAT  \\$a13151$b40$c20151208$lBLL01$h1013
=CAT  \\$a13151$b40$c20151208$lBLL01$h1429
=FIN  \\$aY$d20120912
=FMT  \\$a  SE
=LAS  \\$a13151$b40$c20151208$lBLL01$h1429
=SID  \\$aZ39$bRLUK

