=LDR  04784cas a2201081 a 4500
=001  016553640
=003  Uk
=005  20220930142900.0
=006  m\\\\\\\\d\\\\\\\\
=007  cr||n|||||||||
=008  980430c19869999caubr\pso\\\\\0\\\a0eng\c
=010  \\$a2004214859
=015  \\$aGBB3A8143$2bnb
=022  0\$a1552-6895$202
=035  \\$a(OCoLC)39037876
=035  \\$a(SFX)954925541191
=037  \\$aJAR$bSage (UK) Ltd
=040  \\$aUk$beng$cUk$dUk
=042  \\$aissnuk$aukblsr
=050  14$aHQ796$b.J6237
=082  10$a305.235$223
=130  0\$aJournal of adolescent research (Online)
=222  \0$aJournal of adolescent research$b(Online)
=245  10$aJournal of adolescent research$h[electronic resource].
=260  \\$aThousand Oaks, CA :$bSage Publications,$c1986-
=310  \\$aBimonthly
=321  \\$aQuarterly
=336  \\$atext$2rdacontent
=337  \\$acomputer$2rdamedia
=338  \\$aonline resource$2rdacarrier
=362  0\$aVol. 1, no. 1 (spring 1986)-
=540  \\$aCurrent copyright fee: GBP32.82$c103\0$5Uk
=588  \\$aLatest issue consulted: volume 32, issue 3 (May 2017); SAGE Journals, viewed 4 May 2017.
=650  \0$aYouth$vPeriodicals.
=650  \0$aAdolescence$vPeriodicals.
=690  7\$aSocial Welfare$2blcoll
=776  08$iAlso issued in print as:$tJournal of adolescent research$x0743-5584
=852  41$aBritish Library$bHMNTS$jELD Digital store$3Volume 28:Number 1(2013)-***Previous issues available in print copy
=856  \\$31850-9999$uhttp://www.sagepublications.com/$xBLDSS
=856  40$uhttp://journals.sagepub.com/home/jar
=859  \\$aELD$bejournal
=985  \\$aISSN responsibility transferred from US ISSN Center to ISSN UK Centre, SAGE, Multinational Publisher List Spring 2017.
=ACF  \\$aPrevious Copyright Fee: GBP12.50$c0$e01-apr-2014$fGBP12.50$g0$hC$5Uk
=ACF  \\$aPrevious Copyright Fee: GBP12.12$c0$e01-jul-2014$fGBP12.12$g0$hC$5Uk
=ACF  \\$aPrevious Copyright Fee: GBP12.90$c0$e01-oct-2015$fGBP12.90$g0$hC$5Uk
=ACF  \\$aPrevious Copyright Fee: GBP13.33$c0$e01-apr-2015$fGBP13.33$g0$hC$5Uk
=ACF  \\$aPrevious copyright fee: GBP27.69$c103\0$e19-feb-2018$fGBP27.69$g0$hP$5Uk
=ACF  \\$aPrevious copyright fee: GBP25.71$c103\0$e01-apr-2018$fGBP25.71$g0$hP$5Uk
=ACF  \\$aPrevious copyright fee: GBP27.69$c103\0$e01-oct-2018$fGBP27.69$g0$hP$5Uk
=ACF  \\$aPrevious copyright fee: GBP29.08$c103\0$e01-jul-2019$fGBP29.08$g0$hP$5Uk
=ACF  \\$aPrevious copyright fee: GBP30.24$c103\0$e01-oct-2019$fGBP30.24$g0$hP$5Uk
=ACF  \\$aPrevious copyright fee: GBP30.29$c103\0$e01-apr-2020$fGBP30.29$g0$hP$5Uk
=ACF  \\$aPrevious copyright fee: GBP31.50$c103\0$e01-jul-2020$fGBP31.50$g0$hP$5Uk
=ACF  \\$aPrevious copyright fee: GBP29.17$c103\0$e01-apr-2021$fGBP29.17$g0$hP$5Uk
=ACF  \\$aPrevious copyright fee: GBP28.13$c103\0$e07-jul-2021$fGBP28.13$g0$hP$5Uk
=CAT  \\$a5110$b40$c20131128$lBLL01$h1500
=CAT  \\$a11205$b40$c20170504$lBLL01$h1110
=CAT  \\$aW1711-1005$c20171205$lBLL01$h2212
=CAT  \\$a5552$b40$c20180219$lBLL01$h1353
=CAT  \\$aBATCH-UPD$b40$c20180223$lBLL01$h1542
=CAT  \\$aBLDSS-3PM$b00$c20180226$lBLL01$h1359
=CAT  \\$aBATCH-UPD$b00$c20180226$lBLL01$h1359
=CAT  \\$aIPL-CLA$c20180331$lBLL01$h1707
=CAT  \\$aBATCH-UPD$b00$c20180823$lBLL01$h1859
=CAT  \\$aIPL-CLA$c20180930$lBLL01$h1516
=CAT  \\$aBATCH-UPD$b00$c20190521$lBLL01$h1347
=CAT  \\$aIPL-CLA$c20190630$lBLL01$h1547
=CAT  \\$aBATCH-UPD$b00$c20190829$lBLL01$h1430
=CAT  \\$aIPL-CLA$c20190930$lBLL01$h1652
=CAT  \\$aBATCH-UPD$b00$c20200219$lBLL01$h1421
=CAT  \\$aIPL-CLA$c20200331$lBLL01$h1630
=CAT  \\$aBATCH-UPD$b00$c20200522$lBLL01$h1413
=CAT  \\$aIPL-CLA$c20200701$lBLL01$h0115
=CAT  \\$aBATCH-UPD$b00$c20210226$lBLL01$h0953
=CAT  \\$aIPL-CLA$c20210331$lBLL01$h1702
=CAT  \\$aBATCH-UPD$b00$c20210707$lBLL01$h1517
=CAT  \\$aIPL-CLA$c20210707$lBLL01$h1844
=CAT  \\$aBATCH-UPD$b00$c20220520$lBLL01$h1545
=CAT  \\$aIPL-CLA$c20220630$lBLL01$h1539
=CAT  \\$aBATCH-UPD$b00$c20220824$lBLL01$h0820
=CAT  \\$aIPL-CLA$c20220930$lBLL01$h1429
=CFI  0\$aCurrent copyright fee: GBP32.82$c103\0$e01-oct-2022$fGBP32.82$g0$hP$5Uk
=CFI  2\$aPrevious copyright fee: GBP31.50$c103\0$e01-jul-2022$fGBP31.50$g0$hP$5Uk
=FFP  \\$aY$bBLDSS-3PM
=FIN  \\$aY$d20131128
=FMT  \\$a  SE
=LAS  \\$aIPL-CLA$b00$c20220930$lBLL01$h1429
=LET  \0$aJournal of adolescent research (Online)
=LKR  \\$aPAR$b010487705$lBLL01$nJournal of adolescent research (Print)$mJournal of adolescent research (Online)$r776
=MNI  \\$a0743-5584
=SID  \\$aZ39$bOXFORD$c(OCoLC)39037876
=TOC  \\$aETOC
=UNO  \\$aY

