=LDR  05222cas a2201153 a 4500
=001  016566276
=003  Uk
=005  20220930142906.0
=006  m\\\\\o\\d\\\\\\\\
=007  cr\|||||||||||
=008  100427c19459999ii\qr\poo\\\\\0\\\a0eng\c
=015  \\$aGBB3B4787$2bnb
=022  0\$a0975-2684$l0974-9284$y0974-9284$202
=035  \\$a(SFX)1000000000756729
=035  \\$a(StEdU)2112148
=037  \\$aIQQ$bSage (UK) Ltd
=038  \\$aOCoLC
=040  \\$aOCoLC$beng$cOCoLC$dOCoLC$dMMeT$dOCoLC$dTxCM$dOCoLC$dCU-S$dGU$dUk
=042  \\$aukblsr$aissnuk
=082  04$a052$223
=130  0\$aIndia quarterly (Online)
=222  \0$aIndia quarterly$b(Online)
=245  10$aIndia quarterly$h[electronic resource].
=260  \\$a[New Delhi] :$bIndian Council of World Affairs,$c1945-
=264  31$aNew Delhi :$bSAGE Publications
=310  \\$aQuarterly
=336  \\$atext$2rdacontent
=337  \\$acomputer$2rdamedia
=338  \\$aonline resource$2rdacarrier
=362  1\$aPrint began with: v. 1, no. 1 (Jan. 1945).
=500  \\$a"A journal of international affairs."
=515  \\$aSome issues combined.
=540  \\$aCurrent copyright fee: GBP32.82$c19\0$5Uk
=588  \\$aDescription based on: Vol. 19, no. 1/2 (Jan. 1999); title from issue table of contents (SAGE journals, viewed Sept. 28, 2012).
=588  \\$aLatest issue consulted: volume 69, number 4 (December 2013) (SAGE journals, viewed December 12, 2013).
=650  \0$aWorld politics$y20th century$vPeriodicals.
=651  \0$aIndia$xForeign relations$vPeriodicals.
=710  2\$aIndian Council of World Affairs.
=776  08$iAlso issued in print as:$tIndia quarterly$x0974-9284
=852  41$aBritish Library$bHMNTS$jELD Digital store$3Volume 69:Number 1(2013)-***Previous issues available in print copy
=856  \\$31850-9999$uhttp://www.uk.sagepub.com$xBLDSS
=856  40$uhttp://iqq.sagepub.com/
=859  \\$aELD$bejournal
=945  \\$aIndia quarterly.
=979  \\$aBritish Library$bDSC$j4391.300000
=985  \\$aISSN responsibility transferred from ISSN India to ISSN UK, April 1 2019.
=ACF  \\$aPrevious Copyright Fee: GBP19.35$c19\0$e20-apr-2015$fGBP19.35$g0$hP$5Uk
=ACF  \\$aPrevious copyright fee: GBP20.00$c19\0$e01-jul-2015$fGBP20.00$g0$hP$5Uk
=ACF  \\$aPrevious copyright fee: GBP19.35$c19\0$e01-oct-2015$fGBP19.35$g0$hP$5Uk
=ACF  \\$aPrevious copyright fee: GBP24.83$c19\0$e01-apr-2016$fGBP24.83$g0$hP$5Uk
=ACF  \\$aPrevious copyright fee: GBP26.67$c19\0$e01-oct-2016$fGBP26.67$g0$hP$5Uk
=ACF  \\$aPrevious copyright fee: GBP28.80$c19\0$e01-apr-2017$fGBP28.80$g0$hP$5Uk
=ACF  \\$aPrevious copyright fee: GBP27.69$c19\0$e01-oct-2017$fGBP27.69$g0$hP$5Uk
=ACF  \\$aPrevious copyright fee: GBP25.71$c19\0$e01-apr-2018$fGBP25.71$g0$hP$5Uk
=ACF  \\$aPrevious copyright fee: GBP27.69$c19\0$e01-oct-2018$fGBP27.69$g0$hP$5Uk
=ACF  \\$aPrevious copyright fee: GBP29.08$c19\0$e01-jul-2019$fGBP29.08$g0$hP$5Uk
=ACF  \\$aPrevious copyright fee: GBP30.24$c19\0$e01-oct-2019$fGBP30.24$g0$hP$5Uk
=ACF  \\$aPrevious copyright fee: GBP30.29$c19\0$e01-apr-2020$fGBP30.29$g0$hP$5Uk
=ACF  \\$aPrevious copyright fee: GBP31.50$c19\0$e01-jul-2020$fGBP31.50$g0$hP$5Uk
=ACF  \\$aPrevious copyright fee: GBP29.17$c19\0$e01-apr-2021$fGBP29.17$g0$hP$5Uk
=ACF  \\$aPrevious copyright fee: GBP28.13$c19\0$e07-jul-2021$fGBP28.13$g0$hP$5Uk
=CAT  \\$a11205$b40$c20131212$lBLL01$h1144
=CAT  \\$a5552$b40$c20170517$lBLL01$h1447
=CAT  \\$aBATCH-UPD$b40$c20170904$lBLL01$h1834
=CAT  \\$aIPL-CLA$c20170929$lBLL01$h1803
=CAT  \\$aW1711-1005$c20171206$lBLL01$h1826
=CAT  \\$aBATCH-UPD$b00$c20180223$lBLL01$h1652
=CAT  \\$aIPL-CLA$c20180331$lBLL01$h1707
=CAT  \\$aBATCH-UPD$b00$c20180823$lBLL01$h1935
=CAT  \\$aIPL-CLA$c20180930$lBLL01$h1516
=CAT  \\$a11313$b40$c20190401$lBLL01$h1102
=CAT  \\$aBATCH-UPD$b40$c20190521$lBLL01$h1408
=CAT  \\$aIPL-CLA$c20190630$lBLL01$h1547
=CAT  \\$aBATCH-UPD$b00$c20190829$lBLL01$h1517
=CAT  \\$aIPL-CLA$c20190930$lBLL01$h1653
=CAT  \\$aBATCH-UPD$b00$c20200219$lBLL01$h1509
=CAT  \\$aIPL-CLA$c20200331$lBLL01$h1630
=CAT  \\$aBATCH-UPD$b00$c20200522$lBLL01$h1447
=CAT  \\$aIPL-CLA$c20200701$lBLL01$h0115
=CAT  \\$aBATCH-UPD$b00$c20210226$lBLL01$h1028
=CAT  \\$aIPL-CLA$c20210331$lBLL01$h1702
=CAT  \\$aBATCH-UPD$b00$c20210707$lBLL01$h1552
=CAT  \\$aIPL-CLA$c20210707$lBLL01$h1844
=CAT  \\$aBATCH-UPD$b00$c20220520$lBLL01$h1639
=CAT  \\$aIPL-CLA$c20220630$lBLL01$h1539
=CAT  \\$aBATCH-UPD$b00$c20220824$lBLL01$h0906
=CAT  \\$aIPL-CLA$c20220930$lBLL01$h1429
=CFI  0\$aCurrent copyright fee: GBP32.82$c19\0$e01-oct-2022$fGBP32.82$g0$hP$5Uk
=CFI  2\$aPrevious copyright fee: GBP31.50$c19\0$e01-jul-2022$fGBP31.50$g0$hP$5Uk
=FFP  \\$aY$bBLDSS-3PM
=FIN  \\$aY$d20131212
=FMT  \\$a  SE
=LAS  \\$aIPL-CLA$b00$c20220930$lBLL01$h1429
=LET  \0$aIndia quarterly (Online)
=LKR  \\$aPAR$b009848116$lBLL01$nIndia quarterly (Print)$mIndia quarterly (Online)$r776
=MNI  \\$a0974-9284
=SID  \\$aZ39$bRLUK
=TOC  \\$aETOC
=UNO  \\$aY

