=LDR  04522cas a2201069 a 4500
=001  016566417
=003  Uk
=005  20221231145218.0
=006  m\\\\\\\\d\\\\\\\\
=007  cr\|||||||||||
=008  080630d20092014caufr\pss\\\\\0\\\a0eng\c
=010  \\$a2008215207
=015  \\$aGBB3B7137$2bnb
=022  0\$a1943-0906
=035  \\$a(OCoLC)232961329
=035  \\$a(SFX)1000000000428772
=035  \\$a(UkLUC)001552160
=037  \\$aNAN$bSage (UK) Ltd
=038  \\$aOCoLC
=040  \\$aUk$beng$cUk$dUk
=042  \\$aukblsr$ansdp
=082  04$a620.505$223
=130  0\$aInternational journal of green nanotechnology (Online)
=222  \0$aInternational journal of green nanotechnology$b(Online)
=245  10$aInternational journal of green nanotechnology$h[electronic resource].
=260  \\$aPhiladelphia, PA :$bTaylor & Francis Group, Ltd.,$c2009-[2014?]
=264  31$a[Thousand Oaks, CA] :$bSAGE Publications
=310  \\$aSemiannual
=336  \\$atext$2rdacontent
=337  \\$acomputer$2rdamedia
=338  \\$aonline resource$2rdacarrier
=362  1\$aPrint began with: Vol. 1, no. 1 (Jan. 2009).
=530  \\$aIssued also in print.
=540  \\$aCurrent copyright fee: GBP37.00$c2\0$5Uk
=588  \\$aDescription based on SFX database on 03 Apr 2012.
=588  \\$aLatest issue consulted: 1 (2013) (SAGE journals, viewed December 18, 2013).
=650  \0$aNanotechnology$vPeriodicals.
=650  \0$aNanotechnology$xEnvironmental aspects$vPeriodicals.
=650  \0$aMedical technology$vPeriodicals.
=650  \0$aBiomedical engineering$vPeriodicals.
=852  41$aBritish Library$bHMNTS$jELD Digital store
=856  \\$31850-9999$uhttp://www.uk.sagepub.com$xBLDSS
=856  40$uhttp://nan.sagepub.com/
=859  \\$aELD$bejournal
=945  \\$aInternational Journal of Green Nanotechnology.
=979  \\$aBritish Library$bDSC$j4542.268700N
=ACF  \\$aPrevious copyright fee: GBP23.23$c103\0$e21-apr-2015$fGBP23.23$g0$hP$5Uk
=ACF  \\$aPrevious copyright fee: GBP24.00$c103\0$e01-jul-2015$fGBP24.00$g0$hP$5Uk
=ACF  \\$aPrevious copyright fee: GBP23.23$c103\0$e01-oct-2015$fGBP23.23$g0$hP$5Uk
=ACF  \\$aPrevious copyright fee: GBP27.59$c103\0$e01-apr-2016$fGBP27.59$g0$hP$5Uk
=ACF  \\$aPrevious copyright fee: GBP29.63$c103\0$e01-oct-2016$fGBP29.63$g0$hP$5Uk
=ACF  \\$aPrevious copyright fee: GBP32.00$c103\0$e01-apr-2017$fGBP32.00$g0$hP$5Uk
=ACF  \\$aPrevious copyright fee: GBP28.57$c103\0$e01-apr-2018$fGBP28.57$g0$hP$5Uk
=ACF  \\$aPrevious copyright fee: GBP30.77$c103\0$e01-oct-2017$fGBP30.77$g0$hP$5Uk
=ACF  \\$aPrevious copyright fee: GBP30.00$c2\0$e10-sep-2018$fGBP30.00$g0$hP$5Uk
=ACF  \\$aPrevious copyright fee: GBP32.00$c2\0$e01-jan-2019$fGBP32.00$g0$hP$5Uk
=ACF  \\$aPrevious copyright fee: GBP34.00$c2\0$e01-jan-2020$fGBP34.00$g0$hP$5Uk
=CAT  \\$a9512$b40$c20131212$lBLL01$h1545
=CAT  \\$aIPL-CLA$c20160331$lBLL01$h1814
=CAT  \\$aBATCH-UPD$b00$c20160413$lBLL01$h1827
=CAT  \\$aBATCH-UPD$b00$c20160524$lBLL01$h2306
=CAT  \\$aBATCH-UPD$b00$c20160525$lBLL01$h0717
=CAT  \\$a6550$b40$c20160728$lBLL01$h1037
=CAT  \\$aBATCH-UPD$b40$c20160824$lBLL01$h1649
=CAT  \\$aIPL-CLA$c20160930$lBLL01$h1640
=CAT  \\$aBATCH-UPD$b00$c20170216$lBLL01$h1738
=CAT  \\$aIPL-CLA$c20170331$lBLL01$h1918
=CAT  \\$a5552$b40$c20170508$lBLL01$h0848
=CAT  \\$aBATCH-UPD$b40$c20170904$lBLL01$h1736
=CAT  \\$aIPL-CLA$c20170929$lBLL01$h1803
=CAT  \\$aW1711-1005$c20171206$lBLL01$h1826
=CAT  \\$aBATCH-UPD$b00$c20180223$lBLL01$h1538
=CAT  \\$aIPL-CLA$c20180331$lBLL01$h1707
=CAT  \\$aBATCH-UPD$b00$c20180823$lBLL01$h1856
=CAT  \\$a5552$b40$c20180910$lBLL01$h1424
=CAT  \\$aBATCH-UPD$b40$c20181217$lBLL01$h1641
=CAT  \\$aIPL-CLA$c20181231$lBLL01$h1553
=CAT  \\$aBATCH-UPD$b00$c20191122$lBLL01$h1903
=CAT  \\$aIPL-CLA$c20191231$lBLL01$h2036
=CAT  \\$aBATCH-UPD$b00$c20201118$lBLL01$h1336
=CAT  \\$aIPL-CLA$c20201231$lBLL01$h1532
=CAT  \\$aBATCH-UPD$b00$c20221121$lBLL01$h1349
=CAT  \\$aIPL-CLA$c20221231$lBLL01$h1452
=CFI  0\$aCurrent copyright fee: GBP37.00$c2\0$e01-jan-2023$fGBP37.00$g0$hP$5Uk
=CFI  2\$aPrevious copyright fee: GBP35.00$c2\0$e01-jan-2021$fGBP35.00$g0$hP$5Uk
=FFP  \\$aY$bBLDSS-3PM
=FIN  \\$aY$d20131218
=FMT  \\$a  SE
=LAS  \\$aIPL-CLA$b00$c20221231$lBLL01$h1452
=MNI  \\$a1943-0892
=SID  \\$aZ39$bRLUK
=TOC  \\$aETOC

