=LDR  05692cas a2201225 a 4500
=001  016583012
=003  Uk
=005  20220930142909.0
=006  m\\\\fo\\d\\\\\\\\
=007  cr\|||||||||||
=008  030930c19919999caubr\poo\\\\\0\\\a0eng\c
=015  \\$aGBB404952$2bnb
=022  0\$a1546-8364$l1059-8405$y1059-8405$202
=035  \\$a(SFX)954927722502
=035  \\$a(StEdU)2094492
=037  \\$aJSN$bSage (UK) Ltd
=038  \\$aOCoLC
=040  \\$aNSDP$beng$cNSDP$dOCoLC$dPPiU$dNBuU-H$dGGaB$dAU@$dCaQMU$dCFlS$dOCoLC$dTxCM$dUk
=042  \\$ansdp$aukblsr$aissnuk
=060  00$aW1$bJO8737
=082  04$a610.73$223
=130  0\$aJournal of school nursing (Online)
=210  0\$aJ. sch. nurs.$b(Online)
=222  \0$aJournal of school nursing$b(Online)
=245  14$aThe journal of school nursing$h[electronic resource].
=246  13$aJOSN
=260  \\$a[Scarborough, ME] :$bNational Association of School Nurses
=264  31$a[Thousand Oaks, CA] :$bSAGE Publications
=310  \\$aSix no. a year
=321  \\$aQuarterly
=336  \\$atext$2rdacontent
=337  \\$acomputer$2rdamedia
=338  \\$aonline resource$2rdacarrier
=362  1\$aPrint began with: Vol. 7, no. 3 (Oct. 1991).
=525  \\$aSupplements accompany some issues.
=540  \\$aCurrent copyright fee: GBP36.32$c103\0$5Uk
=588  \\$aDescription based on: Vol. 16, no. 3 (Aug. 2000); title from journal home page of HTML (viewed Sept. 30, 2003).
=588  \\$aLatest issue consulted: volume 29, number 6 (December 2013) (SAGE journals, viewed January 13, 2014).
=650  \0$aSchool health services$vPeriodicals.
=650  \0$aSchool nursing$vPeriodicals.
=710  2\$aNational Association of School Nurses (U.S.)
=776  08$iAlso issued in print as:$tJournal of school nursing$x1059-8405
=780  00$tSchool nurse
=852  41$aBritish Library$bHMNTS$jELD Digital store$3Volume 29:Number 1(2013)-***Previous issues available in print copy
=856  \\$31850-9999$uhttp://www.sagepub.com$xBLDSS
=856  40$uhttp://jsn.sagepub.com/
=859  \\$aELD$bejournal
=945  \\$aJournal of school nursing.
=979  \\$aBritish Library$bDSC$j5052.665000
=985  \\$aISSN responsibility transferred from US ISSN Center to ISSN UK Centre, SAGE, Multinational Publisher List Spring 2017.
=ACF  \\$aPrevious Copyright Fee: GBP12.50$c0$e01-apr-2014$fGBP12.50$g0$hC$5Uk
=ACF  \\$aPrevious Copyright Fee: GBP13.33$c0$e01-apr-2015$fGBP13.33$g0$hC$5Uk
=ACF  \\$aPrevious Copyright Fee: GBP12.12$c0$e01-jul-2014$fGBP12.12$g0$hC$5Uk
=ACF  \\$aPrevious copyright fee: GBP23.23$c103\0$e29-apr-2015$fGBP23.23$g0$hP$5Uk
=ACF  \\$aPrevious copyright fee: GBP24.00$c103\0$e01-jul-2015$fGBP24.00$g0$hP$5Uk
=ACF  \\$aPrevious copyright fee: GBP23.23$c103\0$e01-oct-2015$fGBP23.23$g0$hP$5Uk
=ACF  \\$aPrevious copyright fee: GBP27.59$c103\0$e01-apr-2016$fGBP27.59$g0$hP$5Uk
=ACF  \\$aPrevious copyright fee: GBP29.63$c103\0$e01-oct-2016$fGBP29.63$g0$hP$5Uk
=ACF  \\$aPrevious copyright fee: GBP32.00$c103\0$e01-apr-2017$fGBP32.00$g0$hP$5Uk
=ACF  \\$aPrevious copyright fee: GBP30.77$c103\0$e01-oct-2017$fGBP30.77$g0$hP$5Uk
=ACF  \\$aPrevious copyright fee: GBP28.57$c103\0$e01-apr-2018$fGBP28.57$g0$hP$5Uk
=ACF  \\$aPrevious copyright fee: GBP30.77$c103\0$e01-oct-2018$fGBP30.77$g0$hP$5Uk
=ACF  \\$aPrevious copyright fee: GBP32.31$c103\0$e01-jul-2019$fGBP32.31$g0$hP$5Uk
=ACF  \\$aPrevious copyright fee: GBP33.60$c103\0$e01-oct-2019$fGBP33.60$g0$hP$5Uk
=ACF  \\$aPrevious copyright fee: GBP33.52$c103\0$e01-apr-2020$fGBP33.52$g0$hP$5Uk
=ACF  \\$aPrevious copyright fee: GBP34.86$c103\0$e01-jul-2020$fGBP34.86$g0$hP$5Uk
=ACF  \\$aPrevious copyright fee: GBP32.28$c103\0$e01-apr-2021$fGBP32.28$g0$hP$5Uk
=ACF  \\$aPrevious copyright fee: GBP31.13$c103\0$e07-jul-2021$fGBP31.13$g0$hP$5Uk
=CAT  \\$a10983$b40$c20131214$lBLL01$h1140
=CAT  \\$a10806$b40$c20170512$lBLL01$h1210
=CAT  \\$a10806$b40$c20170512$lBLL01$h1311
=CAT  \\$aBATCH-UPD$b40$c20170904$lBLL01$h1736
=CAT  \\$aIPL-CLA$c20170929$lBLL01$h1804
=CAT  \\$aW1711-1005$c20171206$lBLL01$h1826
=CAT  \\$aBATCH-UPD$b00$c20180223$lBLL01$h1538
=CAT  \\$aIPL-CLA$c20180331$lBLL01$h1707
=CAT  \\$aBATCH-UPD$b00$c20180823$lBLL01$h1856
=CAT  \\$aIPL-CLA$c20180930$lBLL01$h1516
=CAT  \\$aBATCH-UPD$b00$c20190521$lBLL01$h1344
=CAT  \\$aIPL-CLA$c20190630$lBLL01$h1547
=CAT  \\$aBATCH-UPD$b00$c20190829$lBLL01$h1425
=CAT  \\$aIPL-CLA$c20190930$lBLL01$h1653
=CAT  \\$aBATCH-UPD$b00$c20200219$lBLL01$h1416
=CAT  \\$aIPL-CLA$c20200331$lBLL01$h1630
=CAT  \\$aBATCH-UPD$b00$c20200522$lBLL01$h1409
=CAT  \\$aIPL-CLA$c20200701$lBLL01$h0115
=CAT  \\$aBATCH-UPD$b00$c20210226$lBLL01$h0949
=CAT  \\$aIPL-CLA$c20210331$lBLL01$h1703
=CAT  \\$aBATCH-UPD$b00$c20210707$lBLL01$h1513
=CAT  \\$aIPL-CLA$c20210707$lBLL01$h1844
=CAT  \\$aBATCH-UPD$b00$c20220520$lBLL01$h1540
=CAT  \\$aIPL-CLA$c20220630$lBLL01$h1539
=CAT  \\$aBATCH-UPD$b00$c20220824$lBLL01$h0816
=CAT  \\$aIPL-CLA$c20220930$lBLL01$h1429
=CFI  0\$aCurrent copyright fee: GBP36.32$c103\0$e01-oct-2022$fGBP36.32$g0$hP$5Uk
=CFI  2\$aPrevious copyright fee: GBP34.86$c103\0$e01-jul-2022$fGBP34.86$g0$hP$5Uk
=FFP  \\$aY$bBLDSS-3PM
=FIN  \\$aY$d20140113
=FMT  \\$a  SE
=LAS  \\$aIPL-CLA$b00$c20220930$lBLL01$h1429
=LKR  \\$aPAR$b010492073$lBLL01$nJournal of school nursing (Print)$mJournal of school nursing (Online)$r776
=MNI  \\$a1059-8405
=SID  \\$aZ39$bRLUK
=TOC  \\$aETOC
=UNO  \\$aY

