=LDR  03876cas a2200997 a 4500
=001  017365744
=003  Uk
=005  20180201113633.0
=006  m\\\\\|\\d\|\\\\\\
=007  cr\|||||||||||
=008  890526c19909999paubr\p\s\\\\\0\\\a0eng\d
=010  \\$a   90650042 $zsn 89007106 
=015  \\$aGBB584895$2bnb
=022  \\$a1531-5487$y1044-3983
=030  \\$aEPIDEY
=032  \\$a005468$bUSPS
=035  \\$a(OCoLC)19769281
=035  \\$a(SFX)954925590406
=035  \\$a(UkLUC)001091316
=037  \\$aISSN_10443983$bPortico$nLippincott Williams & Wilkins
=038  \\$aOCoLC
=040  \\$aUk$beng$cUk$dUk
=042  \\$aukblsr
=050  00$aRA648.5$b.E655
=060  00$aW1$bEP452O
=082  04$a614.405$223
=130  0\$aEpidemiology (Cambridge, Mass. : Online)
=222  \0$aEpidemiology$b(online)
=245  10$aEpidemiology$h[electronic resource].
=260  \\$aCambridge, MA :$bBlackwell Scientific Publications ;$aChestnut Hill, MA :$bEpidemiology Resources,$cc1990-
=260  2\$31992-$aBaltimore, MD :$bWilliams & Wilkins
=260  3\$a[Philadelphia, PA] :$bLippincott Williams & Wilkins
=310  \\$aBimonthly
=336  \\$atext$2rdacontent
=337  \\$acomputer$2rdamedia
=338  \\$aonline resource$2rdacarrier
=362  0\$aPrint began with vol. 1, no. 1 (Jan. 1990).
=500  \\$aTitle from cover.
=500  \\$aDescription based on SFX database on 19 May 2006.
=525  \\$aSome issues have supplements.
=540  \\$aCurrent copyright fee: GBP32.00$c20\0$5Uk
=588  \\$aLatest issue consulted: volume 26, issue 4 (July 2015) (Wolters Kluwer, viewed July 1, 2015).
=650  \0$aEpidemiology$vPeriodicals.
=650  \0$aEpidemiology$xEnvironmental aspects$vPeriodicals.
=650  \2$aEpidemiology$vPeriodicals.
=710  2\$aInternational Society for Environmental Epidemiology.
=776  08$iAlso issued in print as:$tEpidemiology (Cambridge, Mass.)$x1044-3983
=787  0\$tEnvironmental epidemiology$x2474-7882
=852  41$aBritish Library$bDSC$j3793.574000$3Volume 25:Issue 4(2014)-
=852  41$aBritish Library$bHMNTS$jELD Digital store$3Volume 26:Issue 1(2015:Jan.)-
=856  40$31850-9999$uhttp://journals.lww.com$xBLDSS
=856  40$uhttp://journals.lww.com/epidem/Pages/default.aspx
=859  \\$aELD$bejournal
=945  \\$aEpidemiology
=959  \\$fCurrently received
=985  \\$aCorrected by MS generated file for WR# 12.018
=ACF  \\$aPrevious copyright fee: GBP30.32$c20\0$e01-apr-2015$fGBP30.32$g0$hP$5Uk
=ACF  \\$aPrevious copyright fee: GBP31.33$c20\0$e01-jul-2015$fGBP31.33$g0$hP$5Uk
=CAT  \\$a8311$b40$c20150519$lBLL01$h1051
=CAT  \\$aBATCH-CLA$b00$c20150529$lBLL01$h1529
=CAT  \\$aIPL-CLA$c20150630$lBLL01$h1725
=CAT  \\$a11205$b40$c20150701$lBLL01$h1446
=CAT  \\$a11205$b40$c20150701$lBLL01$h1454
=CAT  \\$a11205$b40$c20150702$lBLL01$h1629
=CAT  \\$aBATCH-UPD$b40$c20150820$lBLL01$h1825
=CAT  \\$aIPL-CLA$c20150930$lBLL01$h1855
=CAT  \\$aBATCH-UPD$b00$c20160217$lBLL01$h1713
=CAT  \\$aIPL-CLA$c20160331$lBLL01$h1819
=CAT  \\$aBATCH-UPD$b00$c20160524$lBLL01$h2200
=CAT  \\$aBATCH-UPD$b00$c20160524$lBLL01$h2307
=CAT  \\$a10806$b40$c20171018$lBLL01$h1454
=CAT  \\$aW1711-1005$c20171206$lBLL01$h1828
=CAT  \\$a10806$b40$c20180201$lBLL01$h1136
=CFI  0\$aCurrent copyright fee: GBP32.00$c20\0$e01-apr-2016$fGBP32.00$g0$hP$5Uk
=CFI  2\$aPrevious copyright fee: GBP30.32$c20\0$e01-oct-2015$fGBP30.32$g0$hP$5Uk
=EST  \\$a1
=FFP  \\$aY$bBLDSS-3PM
=FIN  \\$aY$d20150701
=FMT  \\$a  SE
=LAS  \\$a10806$b40$c20180201$lBLL01$h1136
=LET  \0$aEpidemiology (Print)
=LKR  \\$aPAR$b007854239$lBLL01$nEpidemiology (Print)$mEpidemiology (Online)$r776
=MNI  \\$a1044-3983
=SID  \\$aZ39$bRLUK
=TOC  \\$aETOC
=UNO  \\$aY

