=LDR  03739cas a2200937 i 4500
=001  017385792
=003  Uk
=005  20200826114215.0
=006  m\\\\\\\\d\\\\\\\\
=007  cr||||||||||||
=008  160919c20169999enkqr\poo\\\\\0\\\a0eng\c
=010  \\$a2016243461  
=015  \\$aGBB862508$2bnb
=016  7\$a101676423$2DNLM
=022  0\$a2059-3635$202
=035  \\$a(OCoLC)958669440
=035  \\$a(SFX)3710000000955562
=037  \\$a???$bSpringer
=040  \\$aUk$beng$cUk$dUk$erda
=042  \\$aissnuk$aukblsr
=050  \4$aQP517.C45
=060  00$aW1
=082  04$a616.0277$223
=210  0\$aSignal transduct. target. ther.$b(Online)
=222  \0$aSignal transduction and targeted therapy$b(Online)
=245  00$aSignal transduction and targeted therapy.
=264  31$a[London] :$bSpringer Nature,$c2016-
=300  \\$a1 online resource
=310  \\$aQuarterly
=336  \\$atext$2rdacontent
=337  \\$acomputer$2rdamedia
=338  \\$aonline resource$2rdacarrier
=362  1\$aBegan with (2016) 1.
=515  \\$aArticles published as received.
=540  \\$aCurrent copyright fee: zero$c16\0$5Uk
=588  \\$aDescription based on: (2016) 1; title from PDF running title (publisher's Web site, viewed Nov. 28, 2016).
=588  \\$aLatest issue consulted: (2018) 3 (viewed March 28, 2018).
=650  \0$aCellular signal transduction$vPeriodicals.
=650  12$aSignal Transduction.
=650  22$aMolecular Targeted Therapy.
=650  \7$aCellular signal transduction.$2fast$0(OCoLC)fst00850288
=655  \2$aPeriodicals.
=655  \0$aElectronic journals.
=655  \7$aPeriodicals.$2fast$0(OCoLC)fst01411641
=710  2\$aSichuan da xue.$bHua xi yi yuan,$eissuing body.
=710  2\$aSheng wu zhi liao guo jia zhong dian shi yan shi (China)
=776  08$iAlso issued in print as:$tSignal transduction and targeted therapy$x2095-9907
=852  41$aBritish Library$bHMNTS$jELD Digital store
=856  40$31850-9999$uhttp://www.nature.com/$xBLDSS
=856  40$uhttp://www.nature.com/sigtrans$xOA-J
=859  \\$aELD$bejournal
=945  \\$aSignal transduction and targeted therapy.
=979  \\$aBritish Library$bDSC$j8275.989500N
=985  \\$aISSN UK Centre note: Print version ISSN 2095-9907 assigned by Chinese ISSN Centre but not on Portal. Querying if Nature to publish in print 26.8.16, reply from Nature 29.8.16 they publish online only, query copied to West China Hospital. Both ISSNs on Portal (3/4/2018).
=985  \\$aISSN UK Centre: ROAD OA.
=985  \\$aISSN abbreviated key title corrected 10/04/18 (Richard (Leeds))
=CAT  \\$a10973$b40$c20150605$lBLL01$h0954
=CAT  \\$a10973$b40$c20160826$lBLL01$h1053
=CAT  \\$a10973$b40$c20160830$lBLL01$h0925
=CAT  \\$a10973$b40$c20160907$lBLL01$h1255
=CAT  \\$a8871$b40$c20160915$lBLL01$h0801
=CAT  \\$a8871$b40$c20160915$lBLL01$h0805
=CAT  \\$a5552$b40$c20161108$lBLL01$h1128
=CAT  \\$aBLDSS-3PM$b00$c20161115$lBLL01$h1529
=CAT  \\$aBATCH-UPD$b00$c20161115$lBLL01$h1531
=CAT  \\$a11450$b40$c20180109$lBLL01$h1335
=CAT  \\$a11450$b40$c20180110$lBLL01$h1106
=CAT  \\$a5110$b40$c20180403$lBLL01$h1441
=CAT  \\$a10806$b40$c20180410$lBLL01$h0919
=CAT  \\$a10806$b40$c20180410$lBLL01$h0927
=CAT  \\$a5410$b40$c20200819$lBLL01$h2125
=CAT  \\$a5410$b40$c20200826$lBLL01$h1142
=CFI  0\$aCurrent copyright fee: zero$c16\0$e08-nov-2016$fGBP0.00$g0$hP$5Uk
=FFP  \\$aY$bBLDSS-3PM
=FIN  \\$aY$d20160826
=FMT  \\$a  SE
=LAS  \\$a5410$b40$c20200826$lBLL01$h1142
=LET  \0$aSignal transduction and targeted therapy (Electronic)
=SID  \\$aZ39$bOXFORD$c(OCoLC)958669440
=TOC  \\$aETOC
=UNO  \\$aY

