=LDR  05958cas a2201285 a 4500
=001  017671629
=003  Uk
=005  20231020113901.0
=006  m\\\\\\\\d\\\\\\\\
=007  cr\un|||||||||
=008  050614c19779999enkar\p\o\\\\\0\\\a0eng\\
=010  \\$a  2010203341
=015  \\$aGBB5I2743$2bnb
=022  0\$a2157-1430$y0263-0672$202
=035  \\$a(OCoLC)60626299
=035  \\$a(SFX)110985822453078
=035  \\$a(UkLUC)001524777
=037  \\$aISSN_02630672$bPortico$nTaylor & Francis
=037  3\$adrt$bSage (UK) Ltd
=038  \\$aOCoLC
=040  \\$aUk$beng$cUk$dUk
=042  \\$aukblsr$aissnuk
=060  \4$aW1$bDR243C
=082  04$a616.89152305$223
=130  0\$aDramatherapy (Online)
=222  \0$aDramatherapy$b(Online)
=245  10$aDramatherapy$h[electronic resource] :$bthe journal of the Association for Dramatherapists.
=246  3\$aDrama therapy
=246  13$aJournal of dramatherapy
=260  \\$aRugby [England] :$bAssociation for Dramatherapists,$c[1977]-
=260  2\$32011-$aAbingdon :$bTaylor & Francis
=264  31$a[London?] :$bPublished [by SAGE] in association with British Association of Dramatherapists (BADth)
=310  \\$aAnnual,$b2021-
=310  \\$aThree times a year,$b2020-
=321  \\$aQuarterly
=336  \\$atext$2rdacontent
=337  \\$acomputer$2rdamedia
=338  \\$aonline resource$2rdacarrier
=362  1\$aPrint began in 1977.
=500  \\$aSubtitle varies.
=500  \\$aPlace of publication varies.
=500  \\$aDescription based on SFX database on 04 July 2011.
=538  \\$aMode of access: World Wide Web.
=540  \\$aCurrent copyright fee: GBP32.82$c19\0$5Uk
=550  \\$aJournal of: the British Association of Dramatherapy, Apr. 1978-winter/spring 1981/2; British Association for Dramatherapists, summer/autumn 1982-; British Association of Dramatherapists (BADth), <2019>-
=588  \\$aLatest issue consulted: volume 43, issue 1-3 (December 2022) (SAGE journals, viewed May 9, 2023).
=650  \0$aDrama$xTherapeutic use$vPeriodicals.
=710  2\$aAssociation for Dramatherapists (Great Britain)
=710  2\$aBritish Association for Dramatherapists.
=710  2\$aBritish Association of Dramatherapy.
=710  2\$aBritish Association of Dramatherapists.
=776  08$iAlso issued in print as:$tDramatherapy$x0263-0672
=852  41$aBritish Library$bHMNTS$jELD Digital store$3Volume 35:Issue 1(2013)-Volume 44:Issue 1(2023)***Previous issues available in print copy
=856  \\$31850-9999$uhttp://www.tandfonline.com/$xBLDSS
=856  40$uhttp://www.tandfonline.com/toc/rdrt20/current
=856  40$uhttps://uk.sagepub.com/en-gb/eur/dramatherapy/journal203580
=859  \\$aELD$bejournal
=945  \\$aDramatherapy -journal of the British Association of Dramatherapy-.
=979  \\$aBritish Library$bDSC$j3623.197830
=985  \\$aDue to change publisher to Intellect in 2024 - their first issue will be volume 45, issue 1 (pub. April 2024). Publisher knows to send in print copy. Frequency due to change from 3 per year to 2 per year. ISSN UK Centre, 20.10.2023.
=985  \\$aISSN responsibility transferred from US Center to UK Centre, October 20 2023.
=985  \\$aChange of name (again) or variant for: British Association of Dramatherapists?
=ACF  \\$aPrevious copyright fee: GBP26.00$c2\0$e18-jan-2016$fGBP26.00$g0$hP$5Uk
=ACF  \\$aPrevious copyright fee: GBP28.00$c2\0$e01-jan-2017$fGBP28.00$g0$hP$5Uk
=ACF  \\$aPrevious copyright fee: GBP30.00$c2\0$e01-jan-2018$fGBP30.00$g0$hP$5Uk
=ACF  \\$aPrevious copyright fee: GBP27.69$c19\0$e01-jan-2019$fGBP27.69$g0$hP$5Uk
=ACF  \\$aPrevious copyright fee: GBP29.08$c19\0$e01-jul-2019$fGBP29.08$g0$hP$5Uk
=ACF  \\$aPrevious copyright fee: GBP30.24$c19\0$e01-oct-2019$fGBP30.24$g0$hP$5Uk
=ACF  \\$aPrevious copyright fee: GBP30.29$c19\0$e01-apr-2020$fGBP30.29$g0$hP$5Uk
=ACF  \\$aPrevious copyright fee: GBP31.50$c19\0$e01-jul-2020$fGBP31.50$g0$hP$5Uk
=ACF  \\$aPrevious copyright fee: GBP29.17$c19\0$e01-apr-2021$fGBP29.17$g0$hP$5Uk
=ACF  \\$aPrevious copyright fee: GBP28.13$c19\0$e07-jul-2021$fGBP28.13$g0$hP$5Uk
=CAT  \\$a11205$b40$c20151218$lBLL01$h1104
=CAT  \\$aBATCH-UPD$b00$c20190521$lBLL01$h1408
=CAT  \\$aIPL-CLA$c20190630$lBLL01$h1549
=CAT  \\$a3072$b40$c20190730$lBLL01$h1337
=CAT  \\$a3072$b40$c20190730$lBLL01$h1404
=CAT  \\$a3072$b40$c20190730$lBLL01$h1446
=CAT  \\$a3072$b40$c20190730$lBLL01$h1505
=CAT  \\$a3072$b40$c20190730$lBLL01$h1506
=CAT  \\$aBATCH-UPD$b40$c20190829$lBLL01$h1517
=CAT  \\$aIPL-CLA$c20190930$lBLL01$h1655
=CAT  \\$a15190$b40$c20191209$lBLL01$h1122
=CAT  \\$aBATCH-UPD$b40$c20200219$lBLL01$h1509
=CAT  \\$aIPL-CLA$c20200331$lBLL01$h1633
=CAT  \\$aBATCH-UPD$b00$c20200522$lBLL01$h1447
=CAT  \\$aIPL-CLA$c20200701$lBLL01$h0119
=CAT  \\$aBATCH-UPD$b00$c20210226$lBLL01$h1028
=CAT  \\$aIPL-CLA$c20210331$lBLL01$h1704
=CAT  \\$aBATCH-UPD$b00$c20210707$lBLL01$h1552
=CAT  \\$aIPL-CLA$c20210707$lBLL01$h1845
=CAT  \\$aBATCH-UPD$b00$c20220520$lBLL01$h1639
=CAT  \\$aIPL-CLA$c20220630$lBLL01$h1540
=CAT  \\$aBATCH-UPD$b00$c20220824$lBLL01$h0906
=CAT  \\$aIPL-CLA$c20220930$lBLL01$h1430
=CAT  \\$a3072$b40$c20230509$lBLL01$h1507
=CAT  \\$a11313$b40$c20231020$lBLL01$h1107
=CAT  \\$a11313$b40$c20231020$lBLL01$h1139
=CFI  0\$aCurrent copyright fee: GBP32.82$c19\0$e01-oct-2022$fGBP32.82$g0$hP$5Uk
=CFI  2\$aPrevious copyright fee: GBP31.50$c19\0$e01-jul-2022$fGBP31.50$g0$hP$5Uk
=FFP  \\$aY$bBLDSS-3PM
=FIN  \\$aY$d20151218
=FMT  \\$a  SE
=LAS  \\$a11313$b40$c20231020$lBLL01$h1139
=LET  \0$aDramatherapy (Electronic)
=LKR  \\$aPAR$b011173278$lBLL01$nDramatherapy (Print)$mDramatherapy (Online)$r776
=MNI  \\$a0263-0672
=SID  \\$aZ39$bRLUK
=TOC  \\$aETOC
=UNO  \\$aY

