=LDR  04895cas a2201057 a 4500
=001  017712793
=003  Uk
=005  20221231145404.0
=006  m\\\\fo\\d\\\\\\\\
=007  cr\|||||||||||
=008  100508c20089999enkmx\poo\\\\\0\\\a0eng\c
=015  \\$aGBB625576$2bnb
=022  0\$a2116-7214$y1964-8189
=035  \\$a(SFX)2660000000009399
=035  \\$a(StEdU)2114430
=037  \\$aISSN_19648189$bPortico$nTaylor & Francis
=038  \\$aUkLoRLUK
=040  \\$aNz$beng$cUX1$dTxCM$dUk
=041  0\$aeng$afre
=042  \\$aukblsr
=082  04$a628$223
=130  0\$aEuropean journal of environmental and civil engineering (Online)
=222  \0$aEuropean journal of environmental and civil engineering$b(Online)
=245  10$aEuropean journal of environmental and civil engineering$h[electronic resource].
=246  13$aEJECE
=260  \\$a[Paris, France] :$bLavoisier,$cc2008-
=260  3\$a[Abingdon, Oxfordshire, UK ] :$bRoutledge, Taylor & Francis Group
=310  \\$aMonthly (except Aug. and Dec.)
=336  \\$atext$2rdacontent
=337  \\$acomputer$2rdamedia
=338  \\$aonline resource$2rdacarrier
=362  1\$aBegan with: Vol. 12, issue 1/2 (2008).
=515  \\$aSome numbers issued in combined form.
=525  \\$aSupplements accompany some issues.
=540  \\$aCurrent copyright fee: GBP43.00$c2\0$5Uk
=546  \\$aArticles in English and French.
=580  \\$aIncludes issues of earlier titles: Revue européenne de génie civil (2005-2007), and: Revue française de génie civil (1997-2004).
=588  \\$aDescription based on: Vol. 12, issue 1/2 (2008); title from PDF editorial (Taylor & Francis, viewed Sept. 28, 2012).
=588  \\$aLatest issue consulted: volume 20, issue 4 (2016) (Taylor & Francis Online, viewed February 22, 2016).
=650  \0$aSustainable engineering$vPeriodicals.
=650  \0$aCivil engineering$xEnvironmental aspects$vPeriodicals.
=650  \0$aEnvironmental engineering$vPeriodicals.
=776  08$iAlso issued in print as:$tEuropean journal of environmental and civil engineering$x1964-8189
=780  10$tRevue européenne de génie civil (Online)$x1958-5810
=852  41$aBritish Library$bHMNTS$jELD Digital store$3Volume 20:Issue 1(2016)-***Previous issues available in print copy
=856  \\$31850-9999$uhttp://www.tandfonline.com/$xBLDSS
=856  40$uhttp://www.tandfonline.com/toc/tece20/current
=859  \\$aELD$bejournal
=945  \\$aEuropean journal of environmental and civil engineering.
=979  \\$aBritish Library$bDSC$j3829.728860N
=ACF  \\$aPrevious copyright fee: GBP34.00$c2\0$e08-feb-2016$fGBP34.00$g0$hP$5Uk
=ACF  \\$aPrevious copyright fee: GBP31.00$c2\0$e01-apr-2016$fGBP31.00$g0$hP$5Uk
=ACF  \\$aPrevious copyright fee: GBP33.00$c2\0$e01-jan-2017$fGBP33.00$g0$hP$5Uk
=ACF  \\$aPrevious copyright fee: GBP35.00$c2\0$e01-jan-2018$fGBP35.00$g0$hP$5Uk
=ACF  \\$aPrevious copyright fee: GBP37.00$c2\0$e01-jan-2019$fGBP37.00$g0$hP$5Uk
=ACF  \\$aPrevious copyright fee: GBP39.00$c2\0$e01-jan-2020$fGBP39.00$g0$hP$5Uk
=CAT  \\$a8464$b40$c20160120$lBLL01$h1042
=CAT  \\$a8464$b40$c20160204$lBLL01$h1355
=CAT  \\$a5552$b40$c20160208$lBLL01$h1430
=CAT  \\$aBLDSS-3PM$b00$c20160215$lBLL01$h1032
=CAT  \\$a11205$b40$c20160222$lBLL01$h1625
=CAT  \\$a11205$b40$c20160223$lBLL01$h0948
=CAT  \\$a5552$b40$c20160302$lBLL01$h0912
=CAT  \\$aIPL-CLA$c20160331$lBLL01$h1821
=CAT  \\$aBATCH-UPD$b00$c20160413$lBLL01$h1830
=CAT  \\$aBATCH-UPD$b00$c20160526$lBLL01$h0542
=CAT  \\$aBATCH-UPD$b00$c20161122$lBLL01$h1507
=CAT  \\$aIPL-CLA$c20161231$lBLL01$h0025
=CAT  \\$a5552$b40$c20170523$lBLL01$h0913
=CAT  \\$aBATCH-UPD$b40$c20171121$lBLL01$h1657
=CAT  \\$aW1711-1005$c20171206$lBLL01$h1829
=CAT  \\$aIPL-CLA$c20171231$lBLL01$h1831
=CAT  \\$aBATCH-UPD$b00$c20181217$lBLL01$h1646
=CAT  \\$aIPL-CLA$c20181231$lBLL01$h1555
=CAT  \\$aBATCH-UPD$b00$c20191122$lBLL01$h1908
=CAT  \\$aIPL-CLA$c20191231$lBLL01$h2042
=CAT  \\$aBATCH-UPD$b00$c20201118$lBLL01$h1342
=CAT  \\$aIPL-CLA$c20201231$lBLL01$h1533
=CAT  \\$aBATCH-UPD$b00$c20221121$lBLL01$h1341
=CAT  \\$aIPL-CLA$c20221231$lBLL01$h1454
=CFI  0\$aCurrent copyright fee: GBP43.00$c2\0$e01-jan-2023$fGBP43.00$g0$hP$5Uk
=CFI  2\$aPrevious copyright fee: GBP41.00$c2\0$e01-jan-2021$fGBP41.00$g0$hP$5Uk
=FFP  \\$aY$bBLDSS-3PM
=FIN  \\$aY$d20160222
=FMT  \\$a  SE
=LAS  \\$aIPL-CLA$b00$c20221231$lBLL01$h1454
=LET  \0$aEuropean journal of environmental and civil engineering (Electronic)
=LKR  \\$aPAR$b015526969$lBLL01$nEuropean journal of environmental and civil engineering (Print)$mEuropean journal of environmental and civil engineering (Online)$r776
=MNI  \\$a1964-8189
=SID  \\$aZ39$bRLUK
=TOC  \\$aETOC

