=LDR  04356cas a2201021 i 4500
=001  017731304
=003  Uk
=005  20221231145407.0
=006  m\\\\\\\\d\\\\\\\\
=007  cr||||||||||||
=008  090302c20109999enkfr\pso\\\\\0\\\a0eng\c
=010  \\$a2009202290  
=015  \\$aGBB619808$2bnb
=016  7\$a2556370-1$2DE-600
=022  \\$a1947-5039
=035  \\$a(OCoLC)311484819
=035  \\$a(SFX)1000000000708028
=037  \\$aISSN_19475020$bPortico$nTaylor & Francis
=040  \\$aNSDP$beng$cNSDP$dHEBIS$dNBuU$dDLC$dOCoLC$dOCLCF$dTxCM$dUk
=042  \\$apcc$aukblsr
=050  14$aD501$b.F45
=082  10$a940$223
=222  \0$aFirst World War Studies$b(Online)
=245  00$aFirst World War Studies$h[electronic resource].
=246  1\$aJournal of the International Society for First World War studies
=246  1\$aWorld War studies
=264  \1$a[Abingdon, UK] :$bRoutledge, Taylor & Francis,$c2010-
=310  \\$aTwice a year
=336  \\$atext$2rdacontent
=337  \\$acomputer$2rdamedia
=338  \\$aonline resource$2rdacarrier
=362  1\$aBegan with: Vol. 1, no. 1 (March 2010).
=540  \\$aCurrent copyright fee: GBP37.00$c2\0$5Uk
=588  \\$aDescription based on: Vol. 1, no. 1 (March 2010); title from article PDF (informaworld, viewed July 13, 2010).
=588  \\$aLatest issue consulted: volume 6, issue 1 (2015) (Taylor & Francis Online, viewed February 8, 2016).
=611  27$aWorld War (1914-1918)$2fast$0(OCoLC)fst01180746
=648  \7$a1914 - 1918$2fast
=650  \0$aWorld War, 1914-1918$vPeriodicals.
=655  \7$aPeriodicals.$2fast$0(OCoLC)fst01411641
=710  2\$aInternational Society for First World War Studies,$eissuing body.
=776  08$iPrint version:$tFirst World War studies$x1947-5020
=852  41$aBritish Library$bHMNTS$jELD Digital store$3Volume 7:Issue 1(2016)-***Previous issues available in print copy
=856  \\$31850-9999$uhttp://www.tandfonline.com/$xBLDSS
=856  40$uhttp://www.tandfonline.com/toc/rfww20/current
=859  \\$aELD$bejournal
=945  \\$aFirst World War studies.
=979  \\$aBritish Library$cDSC$j3934.467235N
=ACF  \\$aPrevious copyright fee: GBP26.00$c2\0$e09-mar-2016$fGBP26.00$g0$hP$5Uk
=ACF  \\$aPrevious copyright fee: GBP28.00$c2\0$e01-jan-2017$fGBP28.00$g0$hP$5Uk
=ACF  \\$aPrevious copyright fee: GBP30.00$c2\0$e01-jan-2018$fGBP30.00$g0$hP$5Uk
=ACF  \\$aPrevious copyright fee: GBP32.00$c2\0$e01-jan-2019$fGBP32.00$g0$hP$5Uk
=ACF  \\$aPrevious copyright fee: GBP34.00$c2\0$e01-jan-2020$fGBP34.00$g0$hP$5Uk
=CAT  \\$a8478$b40$c20160204$lBLL01$h0859
=CAT  \\$a8478$b40$c20160204$lBLL01$h0900
=CAT  \\$a8478$b40$c20160204$lBLL01$h0909
=CAT  \\$a8478$b40$c20160204$lBLL01$h1013
=CAT  \\$a11296$b40$c20160205$lBLL01$h1036
=CAT  \\$a5110$b40$c20160209$lBLL01$h1042
=CAT  \\$a5110$b40$c20160210$lBLL01$h0937
=CAT  \\$a5552$b40$c20160309$lBLL01$h0908
=CAT  \\$aBLDSS-3PM$b00$c20160317$lBLL01$h1142
=CAT  \\$aBATCH-UPD$b00$c20160413$lBLL01$h1830
=CAT  \\$aBATCH-UPD$b00$c20160605$lBLL01$h0943
=CAT  \\$aBATCH-UPD$b00$c20161122$lBLL01$h1515
=CAT  \\$aIPL-CLA$c20161231$lBLL01$h0025
=CAT  \\$a5552$b40$c20170522$lBLL01$h1159
=CAT  \\$aBATCH-UPD$b40$c20171121$lBLL01$h1651
=CAT  \\$aW1711-1005$c20171206$lBLL01$h1829
=CAT  \\$aIPL-CLA$c20171231$lBLL01$h1831
=CAT  \\$aBATCH-UPD$b00$c20181217$lBLL01$h1641
=CAT  \\$aIPL-CLA$c20181231$lBLL01$h1555
=CAT  \\$a14586$b40$c20190708$lBLL01$h1234
=CAT  \\$aBATCH-UPD$b40$c20191122$lBLL01$h1903
=CAT  \\$aIPL-CLA$c20191231$lBLL01$h2042
=CAT  \\$aBATCH-UPD$b00$c20201118$lBLL01$h1337
=CAT  \\$aIPL-CLA$c20201231$lBLL01$h1533
=CAT  \\$aBATCH-UPD$b00$c20221121$lBLL01$h1350
=CAT  \\$aIPL-CLA$c20221231$lBLL01$h1454
=CFI  0\$aCurrent copyright fee: GBP37.00$c2\0$e01-jan-2023$fGBP37.00$g0$hP$5Uk
=CFI  2\$aPrevious copyright fee: GBP35.00$c2\0$e01-jan-2021$fGBP35.00$g0$hP$5Uk
=FFP  \\$aY$bBLDSS-3PM
=FIN  \\$aY$d20160208
=FMT  \\$a  SE
=LAS  \\$aIPL-CLA$b00$c20221231$lBLL01$h1454
=LKR  \\$aPAR$b015722003$lBLL01$nFirst World War Studies (Print)$mFirst World War Studies (Online)$r776
=MNI  \\$a1947-5020
=SID  \\$aZ39$bOXFORD$c(OCoLC)311484819
=TOC  \\$aETOC

