=LDR  03928cas a2200973 i 4500
=001  018618825
=003  Uk
=005  20200331163757.0
=006  m\\\\\\\\d\\\\\\\\
=007  cr||||||||||||
=008  051207c20059999njubr\p\o\\\\\0\\\a0eng\c
=010  \\$a2013250587  
=015  \\$aGBB824748$2bnb
=022  \\$a1883-2148
=035  \\$a(OCoLC)298758094
=035  \\$a(SFX)1000000000329059
=037  \\$aISSN_18804276_2$bPortico$nWiley
=040  \\$aAU@$beng$cAU@$dOCLCQ$dUKMGB$dNTE$dOCLCO$dTEF$dTXA$dOPELS$dBUF$dOPELS$dOCLCF$dOCLCQ$dUk$epn
=042  \\$aukblsr
=050  \4$aRC685.A65$bF97
=060  00$aW1$bSH335F
=060  \4$aW1
=082  04$a616.128$223
=210  10$aJ arrhyth
=222  \0$aJournal of arrhythmia$b(Online)
=245  00$aJournal of arrhythmia$h[electronic resource].
=246  1\$aJ Arrhythmia
=264  \1$a[Tokyo] :$bJapanese Society of Cardiac Pacing and Electrophysiology,$c2005-
=264  21$3<2005-2011> :$a[Tokyo] :$bJapanese Heart Rhythm Society
=264  21$3<2012-> :$a[Amsterdam] :$bElsevier B.V.
=264  31$a[Hoboken NJ] :$bWiley
=310  \\$aBimonthly,$b2012-
=321  \\$aFour issues a year,$b-2011
=336  \\$atext$2rdacontent
=337  \\$acomputer$2rdamedia
=338  \\$aonline resource$2rdacarrier
=362  1\$aBegan with: Vol. 21, issue 3 (2005).
=500  \\$aSome issues have distinctive titles.
=540  \\$aCurrent copyright fee: GBP32.00$c35\0$5Uk
=550  \\$aOfficial journal of: Japanese Heart Rhythm Society, Aug. 2005- ; of: Japanese Heart Rhythm Society and Asia Pacific Heart Rhythm Society, <2011->
=588  \\$aDescription based on: Vol. 21, issue 3 (2005); title from available issues screen (ScienceDirect, viewed July 11, 2013).
=588  \\$aLatest issue consulted: volume 33, issue 6 (December 2017) (Wiley Online, viewed February 5, 2018).
=650  \0$aArrhythmia$vPeriodicals.
=650  \0$aCardiac pacing$vPeriodicals.
=650  12$aArrhythmias, Cardiac.
=650  \7$aArrhythmia.$2fast$0(OCoLC)fst00815084
=650  \7$aCardiac pacing.$2fast$0(OCoLC)fst00847073
=655  \2$aPeriodicals.
=655  \4$aElectronic journals.
=655  \7$aPeriodicals.$2fast$0(OCoLC)fst01411641
=710  2\$aNihon Fuseimyaku Gakkai.
=710  2\$aAsia Pacific Heart Rhythm Society.
=776  08$iPrint version:$tJournal of arrhythmia$x1880-4276
=780  00$tFuseimyaku
=852  41$aBritish Library$bHMNTS$jELD Digital store$3Volume 29:Issue 1(2013)-
=856  \\$31850-9999$uhttp://onlinelibrary.wiley.com/$xBLDSS
=856  40$uhttp://onlinelibrary.wiley.com/journal/10.1002/(ISSN)1883-2148/issues
=859  \\$aELD$bejournal
=945  \\$aJournal of arrhythmia
=979  \\$aBritish Library$bDSC$j4947.207400
=ACF  \\$aPrevious copyright fee: GBP28.00$c35\0$e18-apr-2019$fGBP28.00$g0$hP$5Uk
=CAT  \\$a6790$b40$c20171123$lBLL01$h0833
=CAT  \\$aW1711-1005$c20171206$lBLL01$h1830
=CAT  \\$a5110$b40$c20180206$lBLL01$h1111
=CAT  \\$aBATCH-016$c20180207$lBLL01$h2200
=CAT  \\$a10983$b40$c20180219$lBLL01$h1324
=CAT  \\$a5552$b40$c20190418$lBLL01$h1355
=CAT  \\$aBLDSS-3PM$b00$c20190424$lBLL01$h1555
=CAT  \\$aBATCH-UPD$b00$c20190424$lBLL01$h1556
=CAT  \\$aR1911-0245$c20191127$lBLL01$h1037
=CAT  \\$aIPL-CLA$c20191231$lBLL01$h2045
=CAT  \\$aBATCH-CLA$b00$c20200325$lBLL01$h1231
=CAT  \\$aIPL-CLA$c20200331$lBLL01$h1637
=CFI  0\$aCurrent copyright fee: GBP32.00$c35\0$e01-apr-2020$fGBP32.00$g0$hP$5Uk
=CFI  2\$aPrevious Copyright Fee: zero$c35\0$e01-jan-2020$fGBP0.00$g0$hP$5Uk
=FFP  \\$aY$bBLDSS-3PM
=FIN  \\$aY$d20180205
=FMT  \\$a  SE
=LAS  \\$aIPL-CLA$b00$c20200331$lBLL01$h1637
=LKR  \\$aPAR$b010488103$lBLL01$nJournal of arrhythmia (Print)$mJournal of arrhythmia (Online)$r776
=MNI  \\$a1880-4276
=SID  \\$aZ39$bOXFORD$c(OCoLC)298758094
=TOC  \\$aETOC
=UNO  \\$aY

