=LDR  03809cas a2200925 i 4500
=001  018837170
=003  Uk
=005  20221231145446.0
=006  m|||||o||d||||||||
=007  cr||||||||||||
=008  021211c19849999dcuqx\pso\\\\\0\\\a0eng\c
=010  \\$a2002227243  
=015  \\$aGBB8D8489$2bnb
=016  7\$a021649049$2DE-101
=016  7\$a2043911-8$2DE-600
=022  \\$a1931-1346
=035  \\$a(OCoLC)51205258
=035  \\$a(SFX)954928586925
=037  \\$aISSN_07468342_21$bPortico$nTaylor & Francis
=040  \\$aEYM$beng$cEYM$dOCLCQ$dNSD$dOCLCQ$dGBVCP$dDLC$dOCLCQ$dOCLCA$dOCLCF$dHEBIS$dOCLCO$dOCLCQ$dGILDS$dUk
=042  \\$apcc$ansdp$aukblsr
=050  14$aQA11.A1
=082  10$a510.071$223
=130  0\$aCollege mathematics journal (Online)
=210  10$aCOLLEGE MATHEMATICS JOURNAL
=210  10$aCOLL MATH J
=210  10$aCOLLEGE MATH. J
=222  \4$aThe College mathematics journal$b(Online)
=245  14$aThe college mathematics journal$h[electronic resource].
=260  \\$aWashington, D.C. :$bMathematical Association of America,$c1984-
=264  \1$a[Philadelphia PA] :$bTaylor & Francis
=310  \\$aFive no. a year
=336  \\$atext$2rdacontent
=337  \\$acomputer$2rdamedia
=338  \\$aonline resource$2rdacarrier
=362  0\$aVol. 15, no. 1 (Jan. 1984)-
=500  \\$aTitle from title screen (viewed Dec. 12, 2002).
=540  \\$aCurrent copyright fee: GBP37.00$c2\0$5Uk
=550  \\$aOfficial publication of: Mathematical Association of America.
=588  \\$aLatest issue consulted: Vol. 49, issue 3 (2018) (Taylor & Francis Online, viewed 27 July, 2018).
=650  \0$aMathematics$xStudy and teaching$vPeriodicals.
=650  \0$aMathematics$vPeriodicals.
=650  \7$aMathematics.$2fast$0(OCoLC)fst01012163
=650  \7$aMathematics$xStudy and teaching.$2fast$0(OCoLC)fst01012236
=655  \7$aPeriodicals.$2fast$0(OCoLC)fst01411641
=710  2\$aMathematical Association of America.
=776  08$iAlso issued in print as:$tCollege mathematics journal$x0746-8342
=780  00$tTwo-year college mathematics journal$x2325-9116
=852  41$aBritish Library$bHMNTS$jELD Digital store$3Volume 47:Number 1(2016)-
=856  \\$31850-9999$uhttp://www.tandfonline.com/$xBLDSS
=856  40$uhttps://www.tandfonline.com/loi/ucmj20
=859  \\$aELD$bejournal
=945  \\$aCollege mathematics journal
=979  \\$aBritish Library$bDSC$j3311.172000
=ACF  \\$aPrevious copyright fee: GBP32.00$c2\0$e25-sep-2019$fGBP32.00$g0$hP$5Uk
=ACF  \\$aPrevious copyright fee: GBP34.00$c2\0$e01-jan-2020$fGBP34.00$g0$hP$5Uk
=CAT  \\$a9658$b40$c20180417$lBLL01$h1418
=CAT  \\$a5110$b40$c20180730$lBLL01$h1052
=CAT  \\$a10806$b40$c20181106$lBLL01$h0742
=CAT  \\$a12654$b40$c20190925$lBLL01$h1222
=CAT  \\$a12654$b40$c20190925$lBLL01$h1226
=CAT  \\$a12654$b40$c20190925$lBLL01$h1421
=CAT  \\$aBLDSS-3PM$b00$c20191011$lBLL01$h0917
=CAT  \\$aBATCH-UPD$b00$c20191011$lBLL01$h0918
=CAT  \\$aBATCH-UPD$b00$c20191122$lBLL01$h1903
=CAT  \\$aIPL-CLA$c20191231$lBLL01$h2045
=CAT  \\$aBATCH-UPD$b00$c20201118$lBLL01$h1337
=CAT  \\$aIPL-CLA$c20201231$lBLL01$h1534
=CAT  \\$aBATCH-UPD$b00$c20221121$lBLL01$h1350
=CAT  \\$aIPL-CLA$c20221231$lBLL01$h1454
=CFI  0\$aCurrent copyright fee: GBP37.00$c2\0$e01-jan-2023$fGBP37.00$g0$hP$5Uk
=CFI  2\$aPrevious copyright fee: GBP35.00$c2\0$e01-jan-2021$fGBP35.00$g0$hP$5Uk
=FFP  \\$aY$bBLDSS-3PM
=FIN  \\$aY$d20180727
=FMT  \\$a  SE
=LAS  \\$aIPL-CLA$b00$c20221231$lBLL01$h1454
=LKR  \\$aPAR$b012399025$lBLL01$nThe College mathematics journal (Print)$mThe College mathematics journal (Online)$r776
=MNI  \\$a0746-8342
=SID  \\$aZ39$bOXFORD$c(OCoLC)51205258
=TOC  \\$aETOC

