=LDR  02967cas a2200709 a 4500
=001  018886356
=003  Uk
=005  20181218083900.0
=006  m\\\\\\\\d\\\\\\\\
=007  cr\cn\||||||||
=008  960223c19969999enk\x\pss\d\\\0\\\a0eng\d
=010  \\$asn 96001767 
=022  \\$a1087-2981
=035  \\$a(OCoLC)34259804
=035  \\$a(SFX)954925246088
=035  \\$a(CONSER)sn-96001767-
=035  \\$a(UkNtU)000820897
=037  \\$aISSN_10872981_21$bPortico$nTaylor & Francis
=038  \\$aOCoLC
=040  \\$aNSDP$cNSDP$dOCoLC$dNSDP$dDNLM$dNSDP$dOCoLC$dWaU$dOCoLC$dCU-S$dUk
=042  \\$aukblsr
=060  10$aW1
=082  04$a610.71$223
=222  \0$aMedical education online
=245  00$aMedical education online$h[electronic resource].
=246  13$aMEO
=260  \\$a[E. Lansing, MI] :$bMedical Education Online,$c1996-
=264  31$a[Abingdon] :$bInforma UK Limited, trading as Taylor & Francis Group
=336  \\$atext$2rdacontent
=337  \\$acomputer$2rdamedia
=338  \\$aonline resource$2rdacarrier
=362  0\$aVol. 1 (1996)-
=500  \\$aTitle from journal homepage (viewed Oct. 11, 2000).
=515  \\$aArticles are continuously added to each annual volume.
=540  \\$aCurrent copyright fee: zero$c2\0$5Uk
=550  \\$aSupported by Office of Medical Education Research and Development, and the Department of Medicine in the College of Human Medicine at Michigan State University. Initial support for the journal was provided by the Office of Educational Development and the Department of Internal Medicine at the University of Texas Medical Branch.
=588  \\$aLatest issue consulted: volume 23, issue 1 (2018); Taylor & Francis Online, viewed June 8, 2018.
=650  \0$aMedical education$vPeriodicals.
=650  12$aEducation, Medical$vPeriodicals.
=710  2\$aMichigan State University.$bOffice of Medical Education Research and Development.
=710  2\$aMichigan State University.$bDepartment of Medicine.
=852  41$aBritish Library$bHMNTS$jELD Digital store$3Volume 21:Issue 1(2016)-
=856  \\$31850-9999$uhttp://www.tandfonline.com/$xBLDSS
=856  40$uhttps://www.tandfonline.com/toc/zmeo20/current
=859  \\$aELD$bejournal
=886  2\$2ukmarc$a945$b00$aMedical education online$h[electronic resource].
=945  \\$aMedical education online.
=979  \\$aBritish Library$bDSC$j5527.182000N
=CAT  \\$a10983$b40$c20180602$lBLL01$h0858
=CAT  \\$a11205$b40$c20180608$lBLL01$h1047
=CAT  \\$a5552$b40$c20181218$lBLL01$h0839
=CAT  \\$aBLDSS-3PM$b00$c20190115$lBLL01$h1424
=CAT  \\$aBATCH-UPD$b00$c20190115$lBLL01$h1430
=CFI  0\$aCurrent copyright fee: zero$c2\0$e18-dec-2018$fGBP0.00$g0$hP$5Uk
=FFP  \\$aY$bBLDSS-3PM
=FIN  \\$aY$d20180608
=FMT  \\$a  SE
=LAS  \\$aBATCH-UPD$b00$c20190115$lBLL01$h1430
=LET  \0$aMedical education online (Electronic)
=MNI  \\$a1087-2981
=SID  \\$aZ39$bRLUK
=TOC  \\$aETOC

