=LDR  03106cas a2200805 i 4500
=001  020530018
=003  Uk
=005  20230227111220.0
=006  m|||||o||d||||||||
=007  cr||||||||||||
=008  210927c20229999qeaqr\p\o\\\\\0\\\a0eng\\
=010  \\$a2021202212  
=022  \\$a2770-1743$y2097-051X
=035  \\$a(OCoLC)1269222531
=035  \\$a(SFX)5840000000000484
=037  \\$aISSN_27701743_2$bPortico$nWiley
=040  \\$aUk$beng$cUk$erda
=042  \\$aukblsr
=050  00$aQH87.7
=082  00$a577.4$223
=130  0\$aGrassland research (Milton, Qld.)
=222  \0$aGrassland research$b(Online)
=245  10$aGrassland research.
=264  \1$aMilton, Queensland :$bJohn Wiley & Sons Australia, Ltd.,$c2022-
=310  \\$aQuarterly
=336  \\$atext$2rdacontent
=337  \\$acomputer$2rdamedia
=338  \\$aonline resource$2rdacarrier
=362  1\$aBegan with: Volume 1, Issue 1 (March 2022).
=500  \\$aPrint version is only distributed in China, per the publisher.
=540  \\$aCurrent copyright fee: GBP32.00$c35\0$5Uk
=550  \\$aCo-sponsored by the Chinese Grassland Society and Lanzhou University.
=588  0\$aVolume 1, Issue 1 (March 2022); title from pdf cover (Wiley Online Library website, viewed July 11, 2022).
=588  1\$aLatest issue consulted: Volume 1, issue 4 (Dec. 2022) (Wiley Online Library, viewed February 23, 2023).
=650  \0$aGrasslands$vPeriodicals.
=650  \0$aGrassland ecology$vPeriodicals.
=650  \7$aGrassland ecology.$2fast$0(OCoLC)fst00946801
=650  \7$aGrasslands.$2fast$0(OCoLC)fst00946817
=655  \7$aPeriodicals.$2fast$0(OCoLC)fst01411641
=710  2\$aZhongguo cao xue hui,$esponsoring body.
=710  2\$6880-01,$aLanzhou da xue.$esponsoring body.
=776  08$iPrint version:$tGrassland research$x2097-051X
=852  41$aBritish Library$bHMNTS$jELD Digital store$3Volume 1:Issue 1(2022)-
=856  \\$uhttps://onlinelibrary.wiley.com/journal/27701743
=856  \\$31850-9999$uhttp://onlinelibrary.wiley.com/$xBLDSS
=859  \\$aELD$bejournal
=880  2\$6710-01/{dollar}1$a中国草学会,$esponsor.
=945  \\$aGrassland Research
=979  \\$aBritish Library$bDSC$j4213.489000N
=CAT  \\$a15190$b40$c20220325$lBLL01$h1225
=CAT  \\$a12654$b40$c20221123$lBLL01$h1242
=CAT  \\$a12654$b40$c20221123$lBLL01$h1244
=CAT  \\$a12654$b40$c20221123$lBLL01$h1250
=CAT  \\$aBLDSS-3PM$b00$c20221128$lBLL01$h1508
=CAT  \\$aBATCH-UPD$b00$c20221128$lBLL01$h1509
=CAT  \\$aBATCH-UNOA$c20221130$lBLL01$h0127
=CAT  \\$a5410$b40$c20221208$lBLL01$h1118
=CAT  \\$a5410$b40$c20221208$lBLL01$h1119
=CAT  \\$a5410$b40$c20221215$lBLL01$h1043
=CAT  \\$a5410$b40$c20221215$lBLL01$h1044
=CAT  \\$a5110$b40$c20230227$lBLL01$h1112
=CFI  0\$aCurrent copyright fee: GBP32.00$c35\0$e23-nov-2022$fGBP32.00$g0$hP$5Uk
=FFP  \\$aY$bBLDSS-3PM
=FIN  \\$aY$d20230227
=FMT  \\$a  SE
=LAS  \\$a5110$b40$c20230227$lBLL01$h1112
=MNI  \\$a2770-1743
=SID  \\$aZ39$bOXFORD$c(OCoLC)1269222531
=TOC  \\$aETOC
=UNO  \\$aY

