=LDR  02398cas a2200673 i 4500
=001  020993618
=003  Uk
=005  20231004160850.0
=006  m|||||o||d||||||||
=007  cr\|n|||||||||
=008  080926c20089999ne\tr\p\o\\\\\0\\\a0eng\c
=010  \\$a2008234161  
=016  7\$a2496065-2$2DE-600
=022  \\$a1876-8156
=035  \\$a(OCoLC)257720867
=035  \\$a(SFX)1000000000439086
=037  \\$a???$bUbiquity Press
=040  \\$aUk$beng$cUk$erda
=042  \\$aukblsr
=043  \\$ae------
=050  14$aK1
=082  04$a341$223
=222  \0$aAmsterdam law forum
=245  00$aAmsterdam law forum.
=260  \\$aAmsterdam :$bVU University Library
=300  \\$a1 online resource
=310  \\$aThree issues per year,$b2017-
=321  \\$aQuarterly
=336  \\$atext$2rdacontent
=337  \\$acomputer$2rdamedia
=338  \\$aonline resource$2rdacarrier
=362  1\$aBegan with v. 1, no. 1 (2008).
=550  \\$aIssued by the Faculty of Law, VU University Amsterdam.
=588  \\$aDescription based on: Vol. 1, no. 1 (2008); title from table of contents page (publisher's Web site, viewed May 18, 2012).
=588  \\$aLatest issue consulted: volume 15, issue 2 (2023) (publisher's Web site, viewed October 04, 2023).
=650  \0$aInternational law$vPeriodicals.
=650  \0$aComparative law$vPeriodicals.
=650  \0$aLaw$zEurope$vPeriodicals.
=650  \7$aComparative law.$2fast$0(OCoLC)fst00871350
=650  \7$aInternational law.$2fast$0(OCoLC)fst00976984
=650  \7$aLaw.$2fast$0(OCoLC)fst00993678
=651  \7$aEurope.$2fast$0(OCoLC)fst01245064
=653  \\$aLaw, General & Comparative
=655  \7$aPeriodicals.$2fast$0(OCoLC)fst01411641
=655  \0$aElectronic journals.
=710  2\$aVrije Universiteit Amsterdam.$bFaculteit der Rechtsgeleerdheid.
=780  00$tGriffin's view on international and comparative law
=852  41$aBritish Library$bHMNTS$jELD Digital store
=859  \\$aELD$bejournal
=CAT  \\$a15190$b40$c20230317$lBLL01$h0911
=CAT  \\$a10969$b40$c20231004$lBLL01$h1551
=CAT  \\$a10969$b40$c20231004$lBLL01$h1553
=CAT  \\$a10969$b40$c20231004$lBLL01$h1553
=CAT  \\$a10969$b40$c20231004$lBLL01$h1555
=CAT  \\$a10969$b40$c20231004$lBLL01$h1608
=FIN  \\$aY$d20231004
=FMT  \\$a  SE
=LAS  \\$a10969$b40$c20231004$lBLL01$h1608
=SID  \\$aZ39$bOXFORD$c(OCoLC)257720867

